2985 4387
1367 274 1541 347 CO
1694 344 1712 367 x
2342 284 2425 349 61

360 384 662 455 occideret
709 434 727 452 .
799 384 872 455 In
936 381 1196 451 Neronis
1253 382 1519 479 Colosso
1542 430 1563 463 ‚
1600 378 1839 453 sublato
1899 382 2164 453 Neronis
2238 386 2439 471 capite
2473 430 2499 468 ‚

359 491 538 536 suum
585 489 982 537 marmoreum
1023 486 1100 547 ap
1145 486 1364 532 osuisse
1402 468 1655 551 dicitur.
1718 545 1732 557 ·

451 548 776 615 Considius
801 599 822 633 ,
864 570 1034 617 senex
1097 548 1434 615 ortissimus
1464 591 1485 627 ‚
1528 547 1603 613 de
1636 568 1805 629 cuius
1846 544 2128 616 Oratione
2189 550 2313 633 agit
2350 550 2495 619 cic.

355 636 474 714 Ep.
523 652 624 711 24.
667 628 778 697 lib.
820 654 881 699 2.
921 632 995 699 ad
1038 629 1364 695 Atticum.
2462 684 2475 700 .

442 712 510 778 S.
552 714 950 791 Constantia,
992 707 1386 779 Constantini
1431 708 1537 777 Μ.
1578 706 1703 775 filia
1732 756 1753 791 ,
1791 727 1998 776 sanata
2042 712 2159 779 aS.
2202 712 2487 791 Agnete.

357 790 534 858 Vide
563 792 882 885 ..Arthemia
927 796 986 859 in
1031 794 1096 859 A
1121 838 1142 859 .
1185 791 1286 858 De
1327 810 1397 857 ea
1439 786 1631 859 multa
1674 792 1737 859 in
1778 788 1953 857 Actis
1994 799 2094 861 85.
2122 793 2379 879 Joaenm’s
2435 812 2499 861 et

350 875 578 940 Paulli
620 877 790 943 MM.
831 874 942 943 sub
981 872 1265 952 Iuliano.

438 953 868 1023 Constantinus
907 955 1016 1023 M.
1057 955 1176 1033 (de
1212 974 1338 1041 quo
1377 952 1569 1020 multa
1618 952 1677 1019 in
1718 950 2083 1035 specimine,
2142 974 2203 1022 et
2246 960 2303 1025 in
2348 956 2497 1025 Dis·

351 1052 498 1099 sert.
540 1036 616 1101 de
654 1035 888 1121 duplici
929 1043 1108 1119 Bapt.
1151 1031 1627 1115 Constantini),
1668 1054 1899 1115 praeter
1939 1032 2257 1103 orationes
2296 1040 2375 1105 ab
2415 1062 2495 1105 eo

345 1119 586 1197 dictas,
623 1116 745 1185 alia
788 1121 992 1201 Opera
1035 1118 1085 1181 ei
1127 1116 1344 1182 tribuit
1416 1116 1709 1183 Eusebius
1775 1117 1833 1182 in
1894 1116 2021 1193 ejus
2064 1116 2203 1185 Vita
2269 1116 2381 1188 tib.
2428 1143 2491 1205 3.

349 1196 637 1265 Victoria
699 1201 771 1266 de
829 1198 1148 1269 Maxentio
1210 1196 1458 1264 coelitus
1524 1197 1616 1263 illi
1674 1196 1791 1263 fuit
1859 1200 2147 1283 promissa
2191 1201 2253 1267 in
2314 1204 2495 1283 signo

348 1279 581 1347 Crucis
619 1278 949 1365 splendenti
997 1281 1055 1345 in
1098 1300 1231 1344 aere
1256 1324 1277 1360 ,
1315 1280 1476 1363 quod
1521 1278 1671 1343 vidit
1712 1297 1852 1345 ante
1891 1302 2191 1365 pugnam.
2255 1284 2478 1351 Postea

345 1360 414 1425 in
457 1361 716 1444 labaro,
755 1380 818 1428 et
860 1363 920 1427 in
962 1362 1146 1426 armis
1189 1380 1430 1426 suorum
1476 1356 1741 1427 rnilitum
1784 1362 2003 1429 Crucis
2042 1364 2283 1445 signum
2310 1362 2485 1439 iussit

341 1442 620 1524 apponi,
660 1463 722 1510 et
766 1444 830 1509 in
872 1442 1110 1511 Christi
1155 1442 1547 1507 reverentiam
1588 1440 1851 1507 abolevit
1872 1444 2093 1511 Crucis
2124 1444 2487 1529 supplicium

339 1538 517 1589 antea
563 1526 894 1593 usitatum.
977 1526 1146 1591 Cum
1185 1522 1411 1601 amici,
1453 1542 1515 1585 et
1554 1522 1887 1589 adulatores
1954 1544 2093 1592 eum
2156 1528 2487 1595 excitarent

329 1604 420 1670 ‘ad
461 1607 817 1689 puniendum
858 1625 958 1673 eos
1005 1649 1028 1684 ,
1093 1603 1194 1689 qui
1240 1602 1370 1669 luto
1409 1600 1757 1685 foedarant,
1798 1623 1859 1668 et
1901 1603 2197 1683 lapidibus
2236 1610 2487 1677 incesse·

341 1704 486 1751 rant
529 1686 656 1765 ejus
696 1707 1008 1755 statuatur
1075 1694 1162 1751 At
1203 1706 1347 1768 ego,
1389 1682 1585 1765 inquit
1628 1683 1889 1759 (leniter
1934 1687 2127 1777 ridens
2167 1737 2190 1770 ,
2252 1710 2323 1759 ac
2384 1713 2487 1757 ca-

335 1783 502 1848 put,
543 1788 603 1835 et
669 1769 900 1837 vultum
959 1784 1330 1833 contrectans
1373 1764 1597 1841 suum)
1654 1766 1893 1831 nullum
1934 1786 1997 1831 tn
2039 1791 2131 1833 ore
2170 1786 2229 1831 et
2280 1768 2485 1850 fronte

332 1849 564 1915 vulnus
603 1846 848 1918 invenio
872 1897 896 1933 ,
938 1852 1042 1915 sed
1078 1844 1277 1913 omnia
1321 1844 1581 1926 illaesa,
1622 1861 1681 1907 et
1722 1868 1913 1912 sana.
2000 1846 2095 1913 Ita
2164 1852 2227 1917 S.
2270 1851 2483 1933 Chry-

335 1948 486 1997 sost.
527 1932 754 1999 Homil.
800 1953 900 1999 20.
944 1929 1028 1995 ad
1067 1926 1456 1999 Antiochenos
1503 1974 1523 1995 .
1605 1926 1782 1994 Filias
1828 1927 2081 2009 habuit,
2164 1928 2351 1997 ra‘eter
2411 1934 2483 2001 S.

331 2010 813 2093 Constantiam,
861 2014 1204 2093 Helenam,
1249 2030 1406 2095 quae
1445 2008 1647 2089 nupsit
1687 2007 1931 2088 Juliano
1992 2032 2109 2076 non
2154 2034 2253 2079 um
2298 2012 2485 2096 Apo-

329 2110 589 2241 ῧὲῗῖἒξέ
629 2092 2501 2257 ‘ireE'ssveLffssffi{2223ssssssssss‘¹:231‘1-”225”53{35233²⁰„¹¹3··

323 2255 452 2338 psit
475 2223 684 2325 cailo
709 2305 730 2338 ‚
771 2257 992 2338 Juliani
1033 2255 1205 2322 fratri
1293 2256 1394 2338 qui
1439 2251 1673 2320 Caesar
1708 2250 1899 2320 factus
1940 2252 2056 2323 fuit
2092 2266 2130 2322 a*
2170 2257 2477 2326 Constan-

321 2338 457 2405 tio.
541 2339 784 2407 Divisio
829 2339 1072 2422 Imperii
1117 2360 1154 2432 a
1181 2303 1615 2432 ‘Constanti-no
1656 2332 1831 2431 facta·
1857 2337 2011 2404 inter
2051 2336 2213 2405 filios
2254 2361 2476 2408 naevus

317 2417 438 2486 fuit
481 2419 776 2488 Politicae
814 2421 1240 2488 Constantini.
1284 2416 1445 2482 Vide
1483 2417 1639 2510 dicta
1669 2464 1693 2500 ,
1734 2416 1835 2484 ubi
1874 2420 1946 2482 de
1990 2427 2204 2487 Gener-e
2240 2439 2300 2490 et
2322 2424 2465 2505 Pso-

321 2499 504 2583 genie
545 2499 930 2569 Constantini
972 2509 1066 2568 M.
1109 2502 1169 2566 in
1211 2497 1331 2564 fine
1371 2505 1573 2564 Lenior
1593 2545 1613 2564 .

405 2581 798 2650 Constantius
839 2581 1094 2650 Chlorus
1132 2629 1154 2663 ‚
1215 2577 1601 2651 Constantini
1664 2578 1771 2647 M.
1837 2574 2020 2648 Pater
2058 2629 2081 2660 ,
2128 2583 2471 2668 Imperator

317 2661 467 2733 belli
531 2683 660 2730 arte
719 2665 966 2747 clarus,
1009 2664 1162 2732 bene
1197 2661 1438 2729 affectus
1500 2662 1561 2728 in
1603 2659 1991 2732 Christianos
2030 2663 2145 2730 fuit
2188 2712 2210 2745 ‚
2269 2682 2331 2731 et
2400 2669 2471 2736 in

315 2741 690 2840 Disciplinas
751 2746 1032 2829 ingenuas
1066 2794 1088 2815 .
1171 2743 1406 2811 Scholis
1464 2743 2473 2839 Cliuiensibus‘praefecit-Eume·

311 2845 487 2894 nium
547 2826 930 2908 Rhetorem,
989 2829 1054 2894 in
1114 2825 1253 2892 aula
1297 2827 1597 2890 Caesarea
1636 2823 1983 2891 Memoriae
2040 2825 2469 2907 Magistrum.

311 2907 600 2978 Matrem
641 2907 856 2977 habuit
895 2906 1228 2978 Claudiam
1268 2905 1458 2972 filiam
1503 2903 1760 2998 Crispi,
1800 2903 1993 2971 fratris
2037 2907 2232 2972 Flavii
2266 2907 2465 2975 Clau·

314 2987 451 3071 dii,
493 2987 683 3058 Rom.
729 2991 1121 3074 Imperatoris
1177 2987 1325 3056 clari
1367 2987 1663 3054 nominis.
1738 2987 2027 3068 Quonam
2064 3005 2465 3066 ,stratagema-

315 3085 380 3134 te
421 3091 558 3138 usus
596 3069 778 3140 fuerit
835 3075 910 3136 ad
951 3069 1362 3160 expellendum
1403 3089 1464 3132 a
1500 3064 1730 3155 palatio
1777 3089 1911 3157 ‘suo
1976 3067 2275 3159 Ethnicos
2320 3071 2463 3137 Au-

311 3149 463 3220 licos
538 3169 739 3219 narrat
785 3151 1080 3220 Eusebius
1124 3153 1188 3217 in
1233 3157 1375 3216 Vita
1412 3155 1791 3214 Constantem
1836 3156 1931 3215 M.
1972 3169 2099 3226 eius
2139 3147 2303 3221 filii.
2342 3151 2464 3218 vi-

309 3231 388 3298 de
441 3200 561 3300 alia
580 3280 603 3315 ,
642 3233 744 3301 ubi
791 3235 863 3299 de
902 3242 1159 3314 Genere,
1201 3245 1264 3299 et
1313 3235 1424 3296 Pro
1464 3226 1593 3295 enie
1632 3224 2013 3325 Constantini
2030 3278 2052 3299 .

391 3311 772 3382 Constantius
808 3313 1199 3383 Constantini
1265 3311 1370 3381 Μ.
1471 3311 1587 3378 lius
1658 3311 1927 3378 Orientis
1970 3313 2263 3397 Imperat.
2321 3313 2458 3384 Ca-

304 3391 546 3462 tholicis
603 3397 918 3464 Nicaenae
992 3393 1130 3462 fidei
1201 3393 1653 3488 professoribus·
1709 3392 1882 3487 valde
1945 3393 2197 3464 infensus
2255 3393 2373 3466 fuit
2431 3445 2457 3466 .

305 3475 414 3544 De
489 3499 566 3546 eo
643 3478 1012 3546 Ammianus
1089 3475 1479 3546 Marcellinus
1566 3473 1909 3542 Historicus
1976 3475 2273 3546 Ethnicus
2315 3479 2453 3545 ait:

299 3557 728 3628 Christianam
773 3559 1156 3642 Religionem
1199 3557 1541 3626 absolutam
1664 3575 1729 3624 et
1786 3556 2121 3640 simplicem
2163 3558 2310 3627 anili
2355 3583 2457 3628 su-

297 3641 652 3788 ggrstitione
685 3639 1052 3723 confudisse,
1089 3655 1151 3706 et
1192 3639 1386 3708 multa
1425 3599 1661 3706 dissidia
1698 3636 1983 3731 excitasse
2024 3641 2265 3710 inducta
2318 3662 2453 3710 vei·-

385 3743 515 3788 rum
581 3723 999 3803 contentione,
1064 3740 1128 3788 et
1187 3723 1529 3790 convocatis
1568 3721 1861 3802 synodis,
1900 3723 1975 3788 ad
2011 3743 2158 3818 quas
2198 3743 2450 3790 concur-

298 3814 495 3876 terent
517 3801 808 3891 Episcopi
847 3803 1132 3887 jumentis
1165 3799 1420 3891 publicis
1460 3800 1623 3874 ultro
1642 3843 1668 3886 ‚
1704 3801 1977 3889 citroque
1993 3803 2449 3874 discurrentibus

2225 3903 2369 3952 cum

1540 4071 1587 4082 .-
