2985 4387
290 457 298 462 ·
373 436 610 509 Asellio
659 441 690 522 (
733 435 841 508 Cl.
884 439 956 524 ),
1007 437 1193 509 Trib.
1251 440 1378 524 pl„
1419 457 1480 506 et
1523 437 1796 520 Orator,
1834 457 2001 508 reum
2040 439 2162 526 egit
2200 443 2435 528 Scipio·

287 537 461 604 nem,
503 539 820 608 postquam
862 523 935 586 de
979 521 1186 588 Poenis
1225 520 1665 605 triumpharat,
1706 523 1869 604 quia,
1910 545 2045 590 cum
2064 544 2212 592 esset
2252 527 2427 594 Con·-

293 603 393 668 sul
419 651 440 684 ,
483 607 538 670 ei
586 625 808 690 equum
848 603 1116 670 ademit.
1159 603 1322 671 Vide
1361 603 1633 672 Gellium
1677 601 1789 672 lib.
1830 624 1890 687 3.
1932 625 2059 690 cap.
2100 629 2163 688 4
2212 607 2427 674 -Forsi-

287 699 397 751 tan
447 682 547 751 hic
588 701 718 749 erat
763 683 1032 766 Asellio,
1075 685 1202 752 sive
1241 683 1504 765 Asillio,
1548 689 1861 752 secundum
1903 687 2158 754 diversas
2218 688 2428 766 lectio,

287 784 398 858 nes
442 764 760 860 Ciceronis
781 809 820 862 ,ο
842 767 917 862 de
955 789 1076 852 quo
1119 763 1340 834 Cicero
1381 761 1496 834 lib.
1542 788 1596 835 1.
1635 763 1710 832 de
1750 751 2049 850 Legibus,
2112 786 2251 838 eum
2293 770 2425 838 lan·
2498 849 2510 859 ..

287 861 542 927 goeris,
582 863 642 912 et
683 863 1236 915 inscitiae-notans.
1353 891 1358 894 -
1548 859 1557 876 ¹
1858 861 1873 872 ‘
1965 875 1973 887 ·

375 927 692 1007 Asterius,
729 927 1006 1010 sophista
1030 976 1050 1009 ,
1099 927 1282 996 laicus
1302 976 1323 1011 ,
1363 925 1709 998 advocatus
1746 925 2103 995 arianorum
2142 930 2333 998 dictus
2373 949 2415 998 a.

289 1005 359 1074 S.
407 1009 790 1090 Athanasio,
851 1009 1069 1077 librum
1107 1011 1293 1076 ‘edidit
1331 1029 1536 1076 contra
1581 1010 1817 1078 Christi
1864 1010 2321 1088 Divinitdtem,
2358 1027 2425 1076 et

287 1087 588 1181 refutatus
627 1088 744 1157 suit
799 1111 834 1154 a
881 1089 1224 1172 Marcello',
1269 1090 1481 1158 celebri
1535 1093 1860 1174 Ancyrano
1906 1092 2219 1160 Praesule.
2303 1091 2426 1158 Ille

281 1190 418 1248 jam
457 1170 846 1238 Christianus
891 1171 1078 1240 Idolis
1119 1171 1474 1239 sacrificavit
1520 1175 1579 1239 in
1624 1174 2027 1256 persecutione
2068 1217 2091 1254 ,
2156 1192 2219 1240 et
2277 1193 2312 1237 a
2354 1172 2422 1240 S.

286 1249 566 1318 Luciano
621 1253 694 1319 ad
755 1256 1184 1336 poenitentiam
1241 1253 1561 1320 salutarem
1604 1254 1870 1323 reductus
1914 1253 2029 1322 fuit
2067 1301 2089 1324 .
2171 1254 2415 1320 Verum

281 1349 496 1414 postea
520 1333 934 1402 Arianismum
961 1331 1273 1417 professus,
1317 1335 1488 1402 valde
1528 1353 1803 1418 acceptus
1826 1335 2103 1404 Eusebiis
2143 1337 2417 1405 obsum

277 1411 692 1500 eloquentiam
781 1435 841 1481 et
884 1417 1216 1483 doctrinam
1259 1414 1416 1484 fuit.

299 1507 306 1517 ‘
358 1493 665 1590 Astrologi
683 1461 1021 1578 Chaldaei,
1065 1499 1408 1580 praesertim
1433 1497 1797 1581 Babylonii,
1838 1497 2139 1580 jactabant
2178 1519 2325 1582 400,
2346 1515 2412 1565 et

405 1575 600 1642 millia
640 1599 928 1646 annorum
975 1579 1034 1644 in
1083 1577 1481 1659 periclitandis
1512 1629 1531 1660 ‚
1586 1602 1650 1645 ex
1698 1580 2061 1666 eriendisque
2108 1581 2413 1648 natalibus

317 1659 597 1725 ominum
617 1661 875 1740 posuisse
893 1708 914 1727 .
937 1659 1118 1726 Unde
1134 1677 1268 1725 orta
1289 1660 1639 1740 Astrologia
1660 1603 1977 1754 lodic-iada
1998 1665 2071 1729 tle
2092 1660 2411 1758 hominum

272 1735 406 1805 fato
444 1760 537 1805 ex.
579 1744 926 1808 eorumdem
995 1743 1249 1822 genesi.
1334 1740 1435 1808 It'a
1494 1741 1721 1808 Cicero
1787 1741 2002 1811 lrb.·2.
2066 1741 2141 1808 de
2182 1749 2405 1810 Deum.

277 1819 632 1905 Astrologi,
671 1844 820 1910 quos
861 1823 1013 1890 inter
1051 1820 1350 1890 Manilius
1391 1823 1440 1888 Ι.
1479 1847 1544 1904 4.
1586 1839 1645 1888 et
1690 1840 1748 1909 5.
1806 1825 2098 1906 putabant
2149 1847 2167 1887 ε
2232 1842 2407 1890 natos

271 1901 390 1966 sub
424 1902 612 1984 signis
654 1903 872 1970 Leonis
891 1905 1250 1985 {Sagittarii
1277 1952 1298 1984 ,
1337 1915 1397 1970 et
1443 1904 1675 1985 Scorpii
1720 1904 1945 1972 virtute
2004 1901 2233 1986 pollere
2293 1900 2406 1968 do-

265 1983 515 2065 mandi,
571 2003 631 2050 et
672 1985 850 2052 mites
890 1984 1163 2050 reddendi
1209 1983 1426 2052 feroces
1470 1984 1734 2068 belluas,
1774 2001 1845 2052 ut
1881 2004 1941 2051 et
1962 1984 2235 2082 loquendi
2264 2004 2405 2050 cum
2523 2047 2531 2056 .
2665 2032 2673 2043 ⁶

259 2061 600 2142 elephantis
640 2068 885 2132 scientia
917 2113 934 2132 .
1018 2065 1238 2135 Cicero
1275 2067 1348 2132 de
1389 2065 1604 2134 Divin.
1646 2065 1851 2134 multis
1914 2067 2106 2133 verbis
2167 2065 2404 2132 disserit

266 2143 348 2211 de
383 2146 747 2240 ‘Astrologia
788 2147 1113 2229 Iudiciaria
1158 2198 1178 2231 ‚
1254 2167 1316 2213 et
1359 2148 1577 2217 refutat
1622 2147 2093 2241 GenethliacoS,
2152 2150 2256 2235 qui
2320 2167 2395 2215 ex

263 2242 469 2307 positu
515 2228 862 2309 stellarum,
907 2231 1014 2295 sub
1071 2250 1197 2315 quo
1237 2228 1424 2297 homo
1481 2234 1741 2299 nascitur
1772 2274 1795 2307 ,
1852 2248 1981 2312 ejus
2040 2232 2229 2295 vitam
2252 2248 2289 2308 ,'
2335 2245 2399 2295 et

257 2310 1264 2459 {hatelhp'atqnpmimliafflirffla‘
1287 2312 1571 2461 c{lstlrollt}
1602 2310 2398 2461 igddiffetitbAstronomiaka

353 2412 384 2454 a
559 2414 588 2456 a
627 2414 638 2455 ι
1020 2438 1039 2458 .
1154 2414 1166 2455 ι
1449 2442 1468 2460 .
1760 2442 1779 2460 .
1854 2418 1873 2455 r
1915 2440 1934 2460 .
2120 2416 2168 2459 c.
2230 2440 2247 2457 .
2373 2424 2401 2443 ο

258 2413 914 2567 δεῖσηηηῗὶᾼηῗῗᾳῗεεῖ
961 2413 1468 2544 Matrinum-odel
1513 2475 1641 2542 Rio
1702 2414 1763 2541 ,ἑξ
1810 2471 1925 2543 Dis
1966 2416 2133 2569 :fs-it.
2180 2414 2397 2569 gaug}-

255 2570 388 2633 crs,
429 2554 531 2620 nbi
573 2556 839 2621 citantur
877 2554 1050 2622 multi
1094 2555 1426 2635 Scriptores
1468 2576 1678 2624 contra
1743 2559 1935 2624 Astro
1958 2576 2161 2649 ogiam
2224 2551 2397 2636 Judt-

253 2634 508 2701 ciariam
537 2682 556 2702 .
631 2636 792 2702 Vide
833 2638 976 2701 item
1021 2635 1326 2703 Chaldaei
1408 2642 1468 2705 in
1510 2636 1573 2705 C
1613 2664 1631 2704 τ
1696 2636 2119 2704 Mathematici
2181 2636 2241 2703 in
2272 2634 2399 2704 M.

342 2712 718 2785 Astmnomi.
759 2717 902 2799 Ope
939 2716 1242 2802 telescopii
1285 2718 1633 2791 recentiores
1692 2714 2028 2785 astronomi
2093 2716 2287 2783 multa
2330 2718 2395 2783 in

255 2796 442 2863 coelo
477 2798 908 2879 observarunt,
949 2800 1210 2885 antiquis
1253 2800 1450 2882 ignota
1475 2848 1495 2868 .
1580 2800 1837 2871 Invento
1876 2820 2037 2866 novo
2064 2800 2247 2873 orbe,
2286 2815 2398 2879 ap·

257 2896 588 2959 paruerunt
632 2901 830 2947 novae
871 2878 1120 2963 stellae,
1163 2900 1229 2948 et
1263 2902 1452 2947 novae
1490 2881 2012 2957 constellationes,
2050 2879 2266 2973 quibus
2286 2898 2391 2943 sua

255 2962 505 3025 nomina
547 2978 686 3027 sunt
732 2962 953 3029 indita.
991 2964 1091 3029 De
1130 2962 1507 3039 nominibuS,
1552 2962 1784 3040 stellis,
1822 2978 1883 3025 et
1922 2958 2393 3025 constellationi·

255 3036 370 3105 bus
411 3042 712 3124 impositis
750 3043 1095 3122 dubitatur,
1140 3066 1175 3109 a
1217 3065 1483 3131 quonam
1527 3044 1643 3107 sint
1684 3043 1766 3108 eis
1806 3040 2029 3108 tributa
2092 3059 2245 3137 quae
2286 3036 2395 3107 ha-

255 3120 398 3188 bent
459 3123 743 3189 nomina.
785 3124 935 3197 Sunt
959 3168 979 3202 ,
1019 3126 1122 3209 qui
1167 3126 1246 3191 ab
1271 3126 1533 3191 Astraeo
1577 3122 1890 3191 Mathem.
1930 3088 2185 3199 celelm:
2220 3136 2395 3219 sti-nt,

297 3202 360 3267 ui
401 3204 482 3271 ab
521 3204 816 3271 Atlante:
862 3225 997 3272 sunt
1023 3204 1166 3289 ,qui
1209 3229 1243 3269 a
1287 3203 1656 3272 Chaldaeis:
1700 3223 1835 3271 sunt
1872 3202 2107 3271 tandem
2138 3248 2159 3283 ,
2203 3219 2305 3287 qm
2350 3224 2389 3268 a
2442 3213 2485 3255 s

284 3282 552 3377 ‘idoniim
592 3284 760 3353 Vide
802 3288 1092 3371 Epigenes
1129 3288 1188 3351 in
1234 3287 1332 3365 E,
1375 3287 1472 3352 ubi
1518 3288 1589 3351 de
1630 3284 2070 3354 Astronomicis
2109 3282 2393 3351 observa-

243 3362 546 3457 tionibus,
587 3366 648 3431 in
690 3365 974 3438 lateribus
1013 3368 1196 3435 coctis
1235 3368 1390 3449 apud
1417 3366 1785 3451 Babylonios
1824 3366 2045 3459 nota-tis
2070 3412 2091 3433 .
2141 3365 2241 3432 De
2274 3386 2388 3433 no·

251 3452 354 3511 vis
393 3446 556 3513 orbis
592 3448 780 3515 stellis
823 3451 962 3516 vide
1001 3449 1165 3516 His-t.
1209 3458 1357 3518 Nat.
1399 3466 1459 3515 et
1504 3451 1794 3515 Moralem
1836 3450 2142 3515 Indum-um
2174 3446 2243 3512 P.
2274 3446 2387 3527 Jo-

245 3523 422 3609 sephi
467 3528 738 3612 Acesta,
781 3530 1042 3611 jesuitae
1088 3532 1342 3615 Hispani
1377 3581 1398 3613 ,
1453 3531 1557 3617 qui
1622 3532 1765 3598 novi
1809 3529 1995 3599 Orbis
2036 3528 2388 3619 Provincias

243 3612 630 3691 peragravit.
709 3612 929 3681 Seneca
973 3616 1327 3680 vaticinatur
1389 3614 1446 3679 in
1489 3607 1957 3697 Quem-tionibus
1983 3606 2389 3677 Nacmhbus

243 3687 422 3770 plura
466 3688 682 3760 futuris
722 3696 972 3771 saeculis
1011 3695 1388 3762 observatum
1425 3694 1502 3759 iri
1552 3696 1607 3761 in
1650 3692 1821 3761 coelo
1860 3694 1939 3759 ab
1977 3686 2384 3786 Astronqvvris,

239 3784 384 3837 cmc
425 3772 626 3854 ignota
701 3776 776 3841 'in
819 3798 940 3863 quo
979 3784 1098 3843 non
1139 3775 1318 3844 falsus
1365 3776 1558 3843 Vates
1596 3772 1751 3843 fuit.
1834 3776 2007 3841 Nam
2048 3770 2389 3849 Cassianus,

237 3846 558 3957 Galilaeus
575 3900 602 3943 ,
637 3822 970 3929 ilicciolius
989 3902 1013 3943 ,
1032 3875 1094 3935 et
1111 3856 1220 3927 alii
1263 3856 1456 3928 multa
1494 3856 1908 4021 ogsetgarunt,
1930 3854 2185 3933 Senecae
2220 3862 2389 3999 ate-ta·
