2985 4387
365 149 407 172 f

1282 313 1463 388 Au
2286 326 2363 411 ις

297 421 602 498 aethium
640 425 822 490 cent.
867 441 928 509 3.
969 443 1022 490 c.
1064 427 1189 516 65„
1226 421 1328 492 De
1385 433 1699 506 Augurum
1756 419 2195 494 Romanorum·
2236 443 2445 494 aucto-

303 511 540 587 ritate,
566 503 702 571 vide
739 497 882 573 Cic.
925 503 1000 569 de
1041 501 1300 590 Legibus
1337 503 1449 571 lib.
1494 527 1553 572 2.
1593 500 1789 573 Multi
1833 505 1907 584 de
1949 507 2111 575 Arte
2150 527 2453 590 auguranq

295 591 364 656 di
431 591 720 670 scripsere
765 607 786 651 t
837 613 842 621 ·
940 608 1008 652 ae
1050 589 1262 666 scripta
1309 635 1330 669 ‚
1395 587 1535 670 quia
1578 586 1985 670 superstitiosa
2026 604 2191 656 erant
2218 637 2237 670 ,
2264 587 2443 668 jussu

297 667 806 740 Christianorum
917 685 1318 748 mperatorum
1379 669 1637 734 flammis
1678 669 2169 738 traditam-runt
2222 690 2444 753 quarto

299 750 624 819 Ecclesiae
663 746 946 816 saeculo.
993 749 1077 816 C.
1120 745 1446 816 Flaminius
1491 751 1683 841 (teste
1727 749 2055 816 Plutarcho
2097 754 2151 818 in
2180 751 2444 818 Marcel·

299 829 361 900 13
401 829 544 898 Vita
575 877 600 914 ‚
637 831 866 897 Otosio
892 878 914 914 ,
953 847 1013 896 et
1055 830 1372 907 Eusebio)
1427 839 1703 916 Auguria
1760 829 2107 914 contempsit
2130 877 2165 916 ⁶,
2226 851 2289 899 et
2350 831 2444 914 Q.

298 909 528 982 Fabius
558 959 582 992 ‚
641 909 864 994 Augur
900 959 922 992 ,
983 910 1184 988 ajebat
1225 935 1245 978 t
1286 907 1531 994 optimis
1569 907 1863 996 auspiciis
1895 912 2029 997 geri
2064 958 2087 993 ,
2144 935 2291 996 quae
2334 932 2449 998 pro

299 988 698 1078 Reipublicae
734 993 938 1088 salute·
971 1010 1306 1089 gererentur
1323 1017 1348 1056 .·
1393 1017 1547 1076 quae
1586 1010 1785 1060 contra
1824 991 2278 1078 Rempublicam
2322 995 2447 1079 fie-

213 1147 228 1156 ,
297 1092 440 1144 rent
451 1123 482 1172 ,⁹
521 1093 722 1142 contra
763 1091 1034 1160 auspecu
1059 1072 1209 1160 fieri
1229 1119 1252 1143 .
1332 1075 1494 1143 Vide
1533 1069 1597 1143 in
1638 1071 1963 1160 specimine
2005 1075 2189 1144 verbo
2229 1083 2443 1161 Augu·

307 1179 412 1226 res
447 1179 514 1226 in
555 1159 666 1226 A.

387 1249 734 1321 Augustus.
823 1237 950 1306 Hic
1005 1235 1214 1304 titulus
1253 1236 1482 1305 nonnisi
1525 1235 1651 1317 jam
1695 1235 1907 1305 creatis
1972 1235 2447 1321 Imperatoribns

297 1320 600 1388 dabatur.
639 1329 922 1404 Caesares
963 1318 1415 1404 appellabantur
1453 1319 1739 1402 designati
1799 1319 1873 1385 ad
1936 1319 2269 1402 Imperium
2312 1319 2449 1388 Ro-

297 1421 603 1483 manum,
643 1419 712 1466 ut
751 1421 906 1468 nuuc
949 1403 1141 1484 Reges
1179 1405 1573 1468 Romanorum
1614 1401 1904 1484 designati
1964 1401 2051 1467 ad
2105 1400 2443 1488 Imperium

299 1501 448 1568 post
489 1499 748 1550 mortem
796 1481 1229 1562 Imperatoris.
1964 1547 1975 1558 ‚

387 1566 705 1648 Augustus
747 1557 981 1631 Caesar
1021 1612 1042 1644 ,
1101 1561 1482 1631 Octavianus
1558 1559 1711 1632 olim
1754 1561 1946 1632 dietus
1964 1612 1983 1633 .
2066 1559 2233 1632 Huic
2274 1559 2447 1633 Tar·

299 1667 522 1714 racone
561 1666 661 1712 ara
705 1661 900 1710 erecta
941 1643 1058 1712 fuit
1119 1687 1142 1723 ,
1207 1643 1268 1710 in
1307 1665 1423 1731 qua
1469 1643 1668 1724 palma
1708 1667 1815 1714 sua
1858 1663 2066 1729 sponte
2112 1647 2445 1728 progermi-

298 1727 522 1795 navit.
601 1721 768 1792 Cum
831 1723 981 1820 boc·
1012 1723 1344 1822 prodigium
1409 1725 1887 1822 Tarraconenses
1926 1726 2119 1794 nuntii
2180 1729 2233 1792 ei
2294 1749 2441 1824 nar:

297 1805 1697 1986 2353?2033¹gst¹255012²⁶252222352ffi
1730 1804 2244 1960 esitasse
2276 1807 2439 1971 ⁶⁶23

301 1969 594 2051 Romae,
655 1989 718 2037 et
779 1970 896 2038 sibi
937 1967 1384 2064 sacrificandum
1444 1988 1842 2038 instituissent
1890 2017 1910 2038 .
1996 1967 2245 2036 Inventa
2308 1985 2446 2036 suut

293 2047 662 2120 Tarracone
702 2051 948 2140 antiqua
989 2070 1346 2124 numismata
1385 2100 1410 2134 ,
1477 2053 1536 2118 in
1603 2052 1819 2136 quibus
1879 2049 2091 2118 visitur
2157 2048 2448 2132 insculpta

299 2135 446 2203 Ara
515 2154 652 2201 cum
717 2131 920 2217 palma
1061 2145 1332 2219 Augusto
1391 2132 1587 2201 dicata
1632 2181 1653 2203 .
1735 2135 1901 2203 Cum
1958 2131 2193 2203 litteras
2232 2131 2452 2199 huma-

301 2216 504 2283 niores
543 2212 880 2295 adolescens
994 2236 1277 2283 arracone
1335 2214 1603 2281 docerem
1645 2263 1666 2300 ,
1726 2214 1955 2284 nullum
2016 2214 2277 2282 restabat
2337 2234 2453 2281 ve·

293 2296 547 2380 stigiutn
607 2296 726 2363 loci
766 2339 792 2376 ,
853 2297 916 2363 in
973 2318 1098 2382 quo
1141 2298 1275 2365 Ara
1319 2294 1423 2362 illa
1483 2290 1925 2364 erecta'fuerat
1962 2344 1983 2379 ‚
2046 2294 2187 2363 licet
2247 2293 2443 2363 multa

303 2378 556 2463 antiqua
598 2397 978 2445 monumenta
1025 2376 1184 2445 illius
1231 2378 1561 2460 Hispaniae
1602 2380 2073 2448 Tarraconensis
2093 2376 2449 2464 metropolis

304 2460 824 2543 conspicerentur.
911 2458 1152 2527 Romae
1195 2480 1380 2541 prope
1418 2456 1615 2525 forum
1657 2456 2035 2527 aedificatum
2078 2452 2189 2527 fuit
2231 2460 2451 2537 Augu-

301 2560 405 2608 sto
444 2539 744 2621 tempium
773 2584 796 2619 ,
836 2546 996 2624 quod
1041 2535 1345 2607 inchoavit
1388 2537 1724 2620 Tiberius,
1770 2560 1831 2607 et
1878 2540 2117 2623 perfecit
2180 2538 2267 2607 C.
2312 2538 2445 2607 Ca-

306 2616 540 2705 ligula,
583 2642 757 2704 supta
799 2620 964 2706 quod
1001 2618 1324 2689 fabricatus
1357 2640 1513 2717 pons
1554 2618 1667 2690 fuit
1709 2620 1893 2691 fultus
1938 2626 2019 2691 80
2058 2622 2289 2705 magnis
2346 2643 2449 2687 co-

303 2698 532 2771 lumnis
569 2724 644 2770 ex
684 2723 986 2771 marmore
1009 2700 1186 2785 albo,
1235 2724 1596 2785 coniungens
1614 2704 1959 2772 Palatinum
2000 2722 2271 2770 montem
2310 2724 2449 2768 cum

304 2780 674 2867 Capitolio.
718 2778 815 2851 Ex
857 2778 1350 2867 hisceeolumnis
1394 2806 1432 2870 3
1475 2803 1790 2869 supersunt
1873 2804 2020 2868 rope
2064 2784 2451 2859 Palatinum,

303 2883 367 2931 et
409 2884 446 2951 3
493 2864 658 2932 aliae
685 2882 878 2960 prope
921 2858 1342 2947 Capitolium.
1381 2925 1390 2939 .
1427 2860 1526 2933 Ira
1572 2866 1787 2935 Lucius
1884 2886 2067 2933 atinus
2128 2866 2186 2930 in
2230 2872 2453 2928 Roma-

301 2944 406 3014 m's
442 2942 942 3032 Antiqmtattbus
984 2946 1092 3015 lib.
1135 2970 1197 3015 2.
1239 2967 1292 3013 c.
1343 2970 1436 3027 14.
1517 2947 1684 3013 Suet.
1726 2946 1787 3013 in
1828 2954 2103 3029 Augusto
2166 2960 2297 3027 cap.
2339 2962 2447 3038 79.

299 3028 539 3111 tradit,
581 3048 718 3096 eum
763 3029 820 3095 in
865 3030 1029 3097 otnni
1075 3046 1272 3097 aetate
1314 3028 1785 3095 venustissimum
1827 3024 2048 3109 fuisse,
2088 3022 2229 3095 licet
2250 3044 2443 3091 omnis

300 3103 584 3176 lenocinii
624 3106 922 3193 negligens
963 3154 990 3190 ,
1045 3130 1108 3177 et
1167 3110 1228 3176 in
1290 3109 1581 3174 comendo
1645 3106 1846 3189 capite
1885 3126 2026 3174 tarn·
2074 3106 2447 3189 incuriosus,

305 3206 378 3255 ut
433 3212 570 3259 cum
632 3190 977 3271 tonsoribus
1013 3191 1160 3259 illud
1202 3190 1655 3273 committeret,
1696 3207 1800 3257 aut
1840 3187 2061 3274 legeret
2091 3235 2114 3272 ,
2152 3208 2258 3257 aut
2292 3187 2437 3257 scri·

307 3264 515 3339 beret.
595 3272 867 3341 Forsitan
913 3269 1062 3340 illud
1104 3266 1314 3341 Ovidii
1360 3270 1621 3355 legerat.

473 3360 680 3421 torma
717 3352 886 3437 vigos·
923 3355 1191 3439 neglecta
1229 3356 1394 3421 decet
1416 3403 1436 3422 .
1910 3424 1917 3434 ,
2220 3410 2253 3417 ..

303 3428 528 3501 Animi
567 3432 800 3503 laxandi
845 3456 1047 3503 caussa
1091 3438 1154 3502 in
1197 3453 1501 3504 senectute
1541 3435 1723 3505 modo
1786 3434 2131 3521 piscabatur
2189 3434 2380 3505 haino
2421 3455 2444 3502 t

299 3513 491 3580 modo
531 3513 708 3597 talis,
750 3516 1041 3600 nucibus,
1086 3536 1150 3585 et
1193 3518 1422 3587 oscillis
1483 3538 1622 3595 cum
1668 3520 1861 3603 pueris
1900 3515 2095 3602 facie,
2139 3537 2201 3585 et
2244 3538 2472 3601 gari-u·-x

302 3594 488 3663 litate
529 3596 884 3668 amabilibus
903 3624 930 3680 ,·
962 3622 1113 3687 quos
1153 3602 1288 3667 undi
1334 3622 1412 3673 ue,
1443 3601 1832 3685 conquirebat
1868 3645 1891 3680 ,
1952 3601 2150 3671 ludere
2206 3618 2449 3667 consue-

301 3694 475 3743 verat
515 3674 795 3761 exemplo
831 3680 1130 3757 Socratis.
1172 3680 1275 3749 De
1359 3682 1641 3749 onoribus
1684 3684 1795 3762 ipsi
1842 3702 1979 3765 post
2020 3701 2277 3749 mortem
2339 3680 2450 3746 ha-

300 3756 474 3855 bitis,
517 3758 654 3827 vide
689 3760 852 3829 Suet.
894 3761 954 3829 in
993 3771 1269 3849 Augusto
1307 3782 1443 3849 cap.
1491 3784 1630 3831 too.
1654 3764 1957 3845 Tacitus,
1996 3763 2201 3833 omnia
2246 3764 2309 3835 in
2348 3760 2449 3825 de·

295 3856 488 3939 peritis
531 3856 767 3913 vertetis
787 3884 812 3927 ,
852 3842 1038 3913 tradit
1057 3891 1080 3929 ,
1118 3853 1464 3932 Augustum
1483 3838 1725 3916 Tiberii
1768 3842 2027 3917 ferinum
2045 3888 2071 3927 ,
2110 3864 2169 3913 et
2190 3860 2447 3991 neggatn
