2985 4387
1284 220 1332 287 S
1376 218 1447 287 Α
1925 266 1930 273 2
2247 242 2372 311 ‚²03

304 316 821 411 philosophorum
850 371 873 407 ,
929 341 989 391 et
1060 320 1530 417 Historicorum.
1569 317 1966 391 Etlinieorum
2007 320 2384 395 bibliothecis
2427 374 2449 399 .

302 410 493 475 Unde
534 410 784 488 intelligi
834 425 1070 489 potest,
1114 426 1295 490 quam
1339 424 1604 487 superior
1643 400 1820 470 fuerit
1883 404 2294 485 Hebraeorum
2335 410 2445 479 sa-

298 492 525 573 pientia
593 490 996 557 Etbnicotum
1038 488 1305 555 omnium
1348 486 1761 567 Graecorum,
1822 485 2246 555 Romanorum
2292 538 2312 571 ,
2381 509 2446 559 et

302 574 753 655 Aegyptiorum
797 570 1057 637 doctrina
1083 616 1103 635 .
1192 569 1472 635 Ea·veto
1513 566 2028 660 Sapientia-aucta
2077 572 2138 635 in
2181 573 2438 637 immen-

294 672 429 719 sum
472 670 604 735 est,
646 670 965 738 postquam
1010 649 1270 735 Hebraei
1314 671 1429 715 tion
1472 647 1924 741 pauci-Christi
1963 651 2235 734 discipuli
2279 650 2444 732 facti,

289 730 429 799 luce
461 734 827 819 Evangelii-‚a
873 730 1078 815 perfusi
1123 729 1397 808 suerunt,
1439 748 1498 794 et
1521 728 1773 811 Spiritus
1795 728 1858 796 S.
1895 732 2063 797 donis
2106 736 2443 803 munerati.

287 814 395 880 Ex
439 811 530 881 his
556 834 657 895 ,et
700 836 773 881 ex
794 815 899 882 SS.
926 814 1227 883 Ecclesiae
1250 810 1573 887 Patribus,
1615 827 1678 874 et
1719 830 1835 875 non
1878 831 1948 877 ex
1975 814 2249 881 Ethnicis
2296 815 2441 883 Phi-

286 893 563 990 losophis
605 894 839 962 haurire
877 896 1205 963 doctrinam
1248 890 1930 986 satagantsshiiosophi
1991 896 2121 961 aevi
2187 900 2378 965 nostri
2418 944 2440 977 ,

284 980 343 1043 si
386 998 473 1043 eis
516 998 649 1046 vera
689 977 989 1058 Sapientia
1032 977 1196 1043 cordi
1242 994 1367 1043 est.
1412 976 1752 1048 Desinant,
1793 996 1944 1051 oro,
1985 979 2144 1043 adire
2162 980 2444 1047 cisternas

293 1058 649 1141 dissipatas,
692 1080 847 1145 quae
886 1059 1189 1127 continere
1228 1076 1413 1152 aquas
1454 1074 1631 1119 verae
1649 1054 1992 1148 Sapientiae
2036 1080 2153 1124 non
2191 1058 2430 1126 valent:

292 1136 501 1216 legant
535 1138 677 1233 Jobi
720 1158 854 1224 cap.
898 1143 997 1207 28.
1041 1140 1142 1205 ubi
1190 1138 1448 1229 dicitur:
1497 1142 1640 1230 ἔξεσε
1684 1156 1860 1229 εμηον
1901 1136 2146 1209 Domini
2187 1137 2322 1224 ipsa
2349 1158 2440 1209 esr

288 1216 591 1299 sapientia
613 1268 633 1301 ‚
675 1240 737 1286 et
778 1222 1029 1287 re‘cedere
1066 1242 1105 1284 a
1148 1223 1307 1285 malo
1349 1219 1553 1285 entelli
1597 1236 1810 1299 entier,
1875 1237 1937 1286 et
1979 1243 2134 1309 quae
2173 1224 2235 1291 S.
2279 1222 2441 1289 Gre-

275 1302 484 1445 gorius
525 1302 980 1398 M·'·1.0:⁶·¹⁶.·
1022 1298 1087 1367 in
1126 1318 1311 1395 caput
1358 1321 1446 1369 12.
1490 1302 1542 1369 li
1585 1296 1638 1363 ri
1665 1299 1784 1382 Job
1809 1348 1830 1382 ,
1871 1303 1948 1367 de
1986 1326 2122 1371 vera
2148 1351 2169 1386 ,
2208 1322 2274 1396 et
2287 1301 2440 1399 falsa

277 1388 963 1556 12222323²i123c¹bi1¹2⁹b2⁸3
1008 1400 1932 1553 ffffississ'ii‘ssossjid‘ssssiis‘
1967 1385 2437 1539 ..Paui‘sst‘i'ssi‘ss

444 1554 601 1612 Usus
641 1572 733 1613 me
762 1563 1020 1630 genuit:
1066 1562 1255 1611 mater
1283 1561 1522 1641 peperit
1568 1553 1900 1614 Memoria:

342 1682 347 1687 .
443 1625 719 1712 Sophiam
762 1649 972 1697 vocant
1014 1649 1107 1691 me
1149 1624 1367 1694 Graii.-
1411 1648 1519 1693 vos
1557 1626 1962 1716 Sapientiam.
2332 1674 2337 1679 ,

278 1706 381 1775 De
424 1708 733 1797 Cicerone·
768 1710 973 1788 aiebat
1014 1706 1112 1801 C..
1138 1706 1197 1788 J.
1239 1708 1465 1801 Caesar
1490 1753 1512 1786 ,
1552 1704 1859 1789 Sapientia
1904 1728 2004 1776 sua
2025 1707 2158 1791 plus
2177 1708 2428 1789 gloriae,

274 1810 461 1870 quam
506 1793 787 1859 omnibus
830 1788 1144 1871 triumphis
1184 1789 1550 1855 militaribus
1591 1792 1909 1867 adeptum.
2004 1792 2099 1855 lta
2145 1790 2303 1858 Plin.
2347 1800 2428 1863 H.

272 1878 357 1939 N.
403 1872 449 1937 Ι.
491 1894 554 1953 7.
594 1896 646 1940 c.
689 1892 789 1957 30.
873 1872 1139 1939 Forsitan
1208 1871 1354 1941 illud
1416 1868 1795 1937 Ecclesiastis
1855 1892 1908 1937 c.
1948 1890 2011 1949 9.
2053 1872 2282 1940 Caesar
2338 1874 2432 1940 le-

268 1972 437 2031 gerat
470 1978 487 2018 t
532 1951 751 2021 Melior
791 1972 877 2021 ese
919 1951 1270 2041 Sapientia,
1314 1975 1496 2037 quam
1535 1975 1705 2017 arma
1746 1948 2005 2018 bellicas
2053 1956 2282 2021 utinam
2307 1954 2426 2021 Ci-

268 2054 409 2100 cero
448 2056 649 2102 veram
692 2033 1054 2119 Sapientiam
1099 2032 1395 2102 habuisset
1418 2080 1438 2101 .
1523 2032 1686 2099 Vide
1719 2034 2012 2099 Gamales
2054 2036 2114 2101 in
2159 2036 2222 2103 C
2246 2082 2267 2116 ,
2307 2037 2410 2103 ubi

266 2112 498 2181 dictum
540 2116 601 2184 S.
644 2118 966 2200 Augustini
1036 2134 1247 2190 contra
1310 2113 1524 2184 {alsam
1567 2115 1937 2200 Sapientiam
1975 2162 1998 2202 ‚
2057 2136 2160 2185 seu
2203 2136 2416 2187 contra

264 2195 567 2278 Sapientes
595 2246 615 2279 ‚
658 2203 816 2270 carni
858 2199 1222 2266 servientes.

348 2278 741 2346 Saturnalia.
836 2279 906 2347 In
964 2275 1383 2364 Saturnalium
1422 2301 1510 2361 7,
1571 2297 1676 2345 aut
1715 2299 1758 2362 9
1825 2277 2030 2347 diebus
2070 2280 2424 2360 Decembris

264 2360 529 2438 mensis,
570 2361 839 2430 Romani
880 2363 1063 2428 variis
1106 2359 1295 2438 iocis,
1334 2379 1396 2425 et
1441 2359 1666 2430 lusibus
1706 2359 1889 2426 dediti
1936 2380 2143 2430 erant.
2205 2365 2415 2434 Amici

276 2438 531 2508 litterati
582 2445 641 2508 in
705 2443 991 2512 conviviis
1030 2444 1285 2510 curiosas
1346 2441 1767 2526 quaestiones,
1808 2461 1869 2506 et
1911 2443 2278 2526 sophismata
2327 2449 2421 2512 in..

266 2520 461 2587 vicem
508 2525 919 2607 proponebant
1006 2545 1143 2592 curri
1188 2525 1504 2608 praemio,
1547 2542 1606 2589 et
1651 2545 1838 2607 poena
1883 2527 2054 2590 unius
2095 2527 2348 2592 sestertii
2391 2574 2416 2606 ,

261 2603 337 2668 ad
378 2624 624 2672 coenam
666 2605 931 2674 solvendi
971 2607 1053 2672 ab
1092 2626 1205 2686 eo,
1242 2607 1350 2692 qui
1392 2605 1622 2670 solvere
1660 2603 1959 2688 sophisma
1984 2651 2005 2686 ,
2048 2628 2150 2674 seu
2179 2643 2187 2652 -
2213 2608 2416 2688 aenig-

263 2705 365 2749 ma
411 2685 521 2752 sibi
572 2687 942 2769 propositum
983 2689 1229 2755 nesciret
1268 2734 1289 2754 .
1379 2685 1544 2751 Vide
1584 2686 1729 2754 Gei.
1773 2688 1818 2754 Ι.
1867 2689 1962 2754 18.
2021 2710 2072 2753 c.
2121 2709 2144 2754 ι
2155 2705 2215 2770 3.
2258 2694 2406 2756 NN.

261 2765 607 2833 saturnalia
647 2766 793 2834 festa
838 2769 1112 2836 instituta
1172 2765 1329 2834 fuere
1387 2768 1444 2834 in
1524 2769 1879 2838 memoriam
1923 2769 2159 2836 Saturni
2221 2767 2410 2842 felicis

261 2846 481 2931 seculi,
531 2851 588 2915 iti
632 2871 755 2934 quo
792 2871 1101 2917 servorum
1188 2867 1247 2918 et
1290 2849 1672 2914 dominorum
1717 2846 1844 2926 jura
1873 2892 1892 2924 ,
1947 2869 2020 2926 ,ut
2081 2869 2139 2912 et
2183 2869 2409 2930 paupe·

208 2935 215 2942 “
258 2949 437 3004 rum,
477 2948 539 3014 et
580 2931 835 2998 divitum
867 2974 891 3011 ,
929 2896 1206 3016 qequaiia
1252 2947 1421 2994 erant
1446 2975 1466 2992 .
1513 2929 1742 2996 idcirco
1785 2929 1944 2994 hisce
1983 2929 2183 2995 diebus
2224 2933 2404 2996 servis

258 3005 481 3076 licebat
541 3013 815 3078 dominos
856 3031 1143 3092 arguere,
1184 3029 1247 3076 et
1288 3011 1345 3076 in
1392 3008 1531 3076 illos
1573 3011 1807 3092 quidvis
1850 3011 2082 3077 dicere.
2119 3009 2403 3079 Sciebant

253 3091 439 3156 etiam
484 3095 637 3159 servi
680 3114 794 3162 uria
838 3116 971 3160 cum
1037 3092 1289 3159 dominis
1332 3111 1572 3158 mensae
1609 3093 1988 3174 accumbere,
2045 3111 2105 3157 et
2149 3115 2284 3159 cum
2329 3091 2405 3160 il-

254 3169 335 3237 tis
372 3191 625 3239 coenare
660 3197 679 3238 r
740 3193 801 3241 et
842 3173 1110 3242 nonnulli
1176 3172 1405 3241 domini
1448 3173 1634 3240 servis
1691 3173 2170 3242 accumbentibus
2213 3170 2402 3243 mini·

253 3251 561 3322 strabam.
604 3255 765 3322 Vide
806 3251 1110 3324 Convivia
1155 3257 1212 3325 in
1257 3254 1358 3322 C.

335 3332 693 3414 Saturnius,
731 3335 859 3404 sive
898 3334 1299 3416 Saturninus,
1341 3333 1532 3405 Trib.
1574 3331 1658 3418 pl.
1705 3335 2080 3406 turbulentus
2121 3335 2395 3406 Orator.

253 3413 363 3507 De
402 3437 523 3496 eo,
562 3435 619 3482 et
660 3417 747 3487 C.
786 3419 1041 3486 Servilio
1080 3419 1381 3498 Glaucia,
1418 3420 1473 3484 ei
1517 3416 1701 3485 simili
1789 3419 1896 3506 qui
1949 3420 2092 3485 item
2151 3417 2394 3486 Concin-

251 3493 435 3564 πώεα·
468 3499 587 3593 suis
630 3499 811 3581 Reip.
856 3500 1218 3593 perniciosus
1258 3516 1390 3566 erat
1435 3547 1458 3581 ,
1531 3501 1654 3581 agit
1699 3468 1938 3591 eia-in
1985 3509 2205 3594 Bruto.
2294 3503 2395 3596 ὓς

248 3587 523 3644 Scrurnu
552 3626 573 3657 ,
613 3600 717 3662 seu
736 3589 1041 3647 Saturnini
1082 3581 1255 3659 huius
1297 3601 1478 3660 nece,
1517 3584 1652 3650 vide
1697 3590 2036 3648 Orationem
2080 3583 2390 3648 Ciceronis

240 3679 350 3754 pro
396 3658 685 3754 Rabirio,
728 3681 1000 3733 accusato
1042 3685 1078 3732 a
1122 3663 1427 3734 Labieno.
1469 3661 1572 3738 De
1606 3664 1816 3734 multis
1857 3662 1994 3730 aliis
2040 3659 2385 3730 Saturns’m's

253 3743 387 3811 side
426 3745 485 3813 in
519 3740 880 3826 specimine.
2195 3809 2314 3890 ..5ae-
2397 3809 2406 3816 .
