<?xml version="1.0" encoding="UTF-8"?>
<!DOCTYPE html PUBLIC "-//W3C//DTD XHTML 1.0 Transitional//EN"
    "http://www.w3.org/TR/xhtml1/DTD/xhtml1-transitional.dtd">
<html xmlns="http://www.w3.org/1999/xhtml" xml:lang="en" lang="en">
 <head>
  <title>
</title>
<meta http-equiv="Content-Type" content="text/html;charset=utf-8" />
  <meta name='ocr-system' content='tesseract 3.04.00' />
  <meta name='ocr-capabilities' content='ocr_page ocr_carea ocr_par ocr_line ocrx_word'/>
</head>
<body>
  <div class='ocr_page' id='page_1' title='image "./matthaeiaimeric01aymegoog/matthaeiaimeric01aymegoog_0254.png"; bbox 0 0 2985 4387; ppageno 0'>
   <div class='ocr_carea' id='block_1_1' title="bbox 671 300 1766 383">
    <p class='ocr_par' dir='ltr' id='par_1_1' title="bbox 671 300 1766 383">
     <span class='ocr_line' id='line_1_1' title="bbox 671 300 1766 383; baseline 0 -13"><span class='ocrx_word' id='word_1_1' title='bbox 671 308 821 383; x_wconf 67' lang='lat'>‚208-</span> <span class='ocrx_word' id='word_1_2' title='bbox 1618 300 1766 370; x_wconf 75' lang='lat' dir='ltr'>SE</span> 
     </span>
    </p>
   </div>
   <div class='ocr_carea' id='block_1_2' title="bbox 598 404 2780 2193">
    <p class='ocr_par' dir='ltr' id='par_1_2' title="bbox 606 404 2764 669">
     <span class='ocr_line' id='line_1_2' title="bbox 608 404 2764 491; baseline 0.001 -14"><span class='ocrx_word' id='word_1_3' title='bbox 608 406 927 489; x_wconf 81' lang='lat' dir='ltr'>et’abiecti</span> <span class='ocrx_word' id='word_1_4' title='bbox 948 404 1150 475; x_wconf 80' lang='lat' dir='ltr'>,animi</span> <span class='ocrx_word' id='word_1_5' title='bbox 1196 405 1415 475; x_wconf 80' lang='lat' dir='ltr'>vitium</span> <span class='ocrx_word' id='word_1_6' title='bbox 1456 406 1576 475; x_wconf 87' lang='lat' dir='ltr'>sit.</span> <span class='ocrx_word' id='word_1_7' title='bbox 1663 408 1764 474; x_wconf 86' lang='lat' dir='ltr'>Ita</span> <span class='ocrx_word' id='word_1_8' title='bbox 1805 404 1972 475; x_wconf 84' lang='lat' dir='ltr'>Tac.</span> <span class='ocrx_word' id='word_1_9' title='bbox 2011 406 2060 476; x_wconf 84' lang='lat'>1.</span> <span class='ocrx_word' id='word_1_10' title='bbox 2101 429 2164 491; x_wconf 85' lang='lat'>4.</span> <span class='ocrx_word' id='word_1_11' title='bbox 2205 416 2366 478; x_wconf 79' lang='lat' dir='ltr'>Amr.</span> <span class='ocrx_word' id='word_1_12' title='bbox 2433 410 2764 491; x_wconf 74' lang='lat' dir='ltr'>Iuvenalis</span> 
     </span>
     <span class='ocr_line' id='line_1_3' title="bbox 606 489 1722 573; baseline -0.005 -12"><span class='ocrx_word' id='word_1_13' title='bbox 606 500 736 561; x_wconf 79' lang='lat' dir='ltr'>Sat.</span> <span class='ocrx_word' id='word_1_14' title='bbox 788 512 881 557; x_wconf 82' lang='grc' dir='ltr'>ιο.</span> <span class='ocrx_word' id='word_1_15' title='bbox 921 489 992 556; x_wconf 88' lang='lat' dir='ltr'>de</span> <span class='ocrx_word' id='word_1_16' title='bbox 1030 489 1235 573; x_wconf 82' lang='lat' dir='ltr'>Sejano</span> <span class='ocrx_word' id='word_1_17' title='bbox 1276 490 1421 557; x_wconf 86' lang='lat' dir='ltr'>haec</span> <span class='ocrx_word' id='word_1_18' title='bbox 1459 490 1722 556; x_wconf 76' lang='lat' dir='ltr'>cecinit:</span> 
     </span>
     <span class='ocr_line' id='line_1_4' title="bbox 638 566 2313 669; baseline 0.002 -32"><span class='ocrx_word' id='word_1_19' title='bbox 638 616 645 625; x_wconf 88' lang='lat'><em>-</em></span> <span class='ocrx_word' id='word_1_20' title='bbox 768 578 922 669; x_wconf 59' lang='lat' dir='ltr'>Iit-30</span> <span class='ocrx_word' id='word_1_21' title='bbox 960 570 1119 655; x_wconf 80' lang='lat' dir='ltr'>quod</span> <span class='ocrx_word' id='word_1_22' title='bbox 1156 570 1477 665; x_wconf 57' lang='lat' dir='ltr'>optandum</span> <span class='ocrx_word' id='word_1_23' title='bbox 1513 568 1672 664; x_wconf 68' lang='lat' dir='ltr'>foi-ef</span> <span class='ocrx_word' id='word_1_24' title='bbox 1695 615 1720 652; x_wconf 84' lang='lat'>,</span> <span class='ocrx_word' id='word_1_25' title='bbox 1763 566 1828 653; x_wconf 70' lang='lat' dir='ltr'>ig</span> <span class='ocrx_word' id='word_1_26' title='bbox 1837 592 2062 637; x_wconf 64' lang='lat' dir='ltr'>morasse</span> <span class='ocrx_word' id='word_1_27' title='bbox 2129 570 2313 640; x_wconf 69' lang='lat' dir='ltr'>eteris</span> 
     </span>
    </p>

    <p class='ocr_par' dir='ltr' id='par_1_3' title="bbox 763 653 2349 738">
     <span class='ocr_line' id='line_1_5' title="bbox 763 653 2349 738; baseline 0.001 -19"><span class='ocrx_word' id='word_1_28' title='bbox 763 658 1043 737; x_wconf 71' lang='lat' dir='ltr'>Sejanum</span> <span class='ocrx_word' id='word_1_29' title='bbox 1065 674 1093 719; x_wconf 88' lang='grc'>.·</span> <span class='ocrx_word' id='word_1_30' title='bbox 1134 676 1271 718; x_wconf 81' lang='lat' dir='ltr'>nam</span> <span class='ocrx_word' id='word_1_31' title='bbox 1290 701 1312 735; x_wconf 85' lang='lat'>‚</span> <span class='ocrx_word' id='word_1_32' title='bbox 1352 676 1461 738; x_wconf 79' lang='lat' dir='ltr'>qm</span> <span class='ocrx_word' id='word_1_33' title='bbox 1501 653 1717 721; x_wconf 59' lang='lat' dir='ltr'>nimios</span> <span class='ocrx_word' id='word_1_34' title='bbox 1753 653 2034 733; x_wconf 77' lang='lat' dir='ltr'>poscebat</span> <span class='ocrx_word' id='word_1_35' title='bbox 2117 676 2310 720; x_wconf 77' lang='lat' dir='ltr'>onor-es</span> <span class='ocrx_word' id='word_1_36' title='bbox 2327 701 2349 734; x_wconf 87' lang='lat'><strong>‚</strong></span> 
     </span>
    </p>

    <p class='ocr_par' dir='ltr' id='par_1_4' title="bbox 756 730 2283 826">
     <span class='ocr_line' id='line_1_6' title="bbox 756 730 2283 826; baseline -0.001 -27"><span class='ocrx_word' id='word_1_37' title='bbox 756 740 841 801; x_wconf 72' lang='lat' dir='ltr'>Et</span> <span class='ocrx_word' id='word_1_38' title='bbox 884 730 1111 800; x_wconf 67' lang='lat' dir='ltr'>nimias·</span> <span class='ocrx_word' id='word_1_39' title='bbox 1138 734 1413 817; x_wconf 76' lang='lat' dir='ltr'>poscebat</span> <span class='ocrx_word' id='word_1_40' title='bbox 1450 752 1636 818; x_wconf 82' lang='lat' dir='ltr'>ope53</span> <span class='ocrx_word' id='word_1_41' title='bbox 1677 756 1992 826; x_wconf 50' lang='lat' dir='ltr'>numerosa·</span> <span class='ocrx_word' id='word_1_42' title='bbox 2022 734 2283 819; x_wconf 78' lang='lat' dir='ltr'>parabat</span> 
     </span>
    </p>

    <p class='ocr_par' dir='ltr' id='par_1_5' title="bbox 760 814 2284 895">
     <span class='ocr_line' id='line_1_7' title="bbox 760 814 2284 895; baseline -0.001 -16"><span class='ocrx_word' id='word_1_43' title='bbox 760 818 1038 883; x_wconf 72' lang='lat' dir='ltr'>Excelsae</span> <span class='ocrx_word' id='word_1_44' title='bbox 1082 814 1266 882; x_wconf 68' lang='lat' dir='ltr'>turris·</span> <span class='ocrx_word' id='word_1_45' title='bbox 1304 818 1585 885; x_wconf 78' lang='lat' dir='ltr'>tabulata</span> <span class='ocrx_word' id='word_1_46' title='bbox 1613 854 1638 893; x_wconf 64' lang='lat'>0</span> <span class='ocrx_word' id='word_1_47' title='bbox 1675 816 1829 881; x_wconf 81' lang='lat' dir='ltr'>unde</span> <span class='ocrx_word' id='word_1_48' title='bbox 1867 816 2054 881; x_wconf 75' lang='lat' dir='ltr'>alno»-</span> <span class='ocrx_word' id='word_1_49' title='bbox 2089 834 2240 881; x_wconf 64' lang='grc' dir='ltr'>απτ</span> <span class='ocrx_word' id='word_1_50' title='bbox 2265 865 2284 895; x_wconf 85' lang='grc'><strong><em>,</em></strong></span> 
     </span>
    </p>

    <p class='ocr_par' dir='ltr' id='par_1_6' title="bbox 600 894 2780 1145">
     <span class='ocr_line' id='line_1_8' title="bbox 762 894 2347 991; baseline 0.001 -26"><span class='ocrx_word' id='word_1_51' title='bbox 762 907 958 966; x_wconf 78' lang='lat' dir='ltr'>Casus</span> <span class='ocrx_word' id='word_1_52' title='bbox 982 945 1004 980; x_wconf 89' lang='lat'>,</span> <span class='ocrx_word' id='word_1_53' title='bbox 1044 916 1105 962; x_wconf 79' lang='lat' dir='ltr'>et</span> <span class='ocrx_word' id='word_1_54' title='bbox 1146 896 1443 981; x_wconf 72' lang='lat' dir='ltr'>impulsae</span> <span class='ocrx_word' id='word_1_55' title='bbox 1474 914 1756 991; x_wconf 76' lang='lat' dir='ltr'>praeceps</span> <span class='ocrx_word' id='word_1_56' title='bbox 1801 894 2058 963; x_wconf 71' lang='lat' dir='ltr'>immane</span> <span class='ocrx_word' id='word_1_57' title='bbox 2099 896 2308 965; x_wconf 74' lang='lat' dir='ltr'>ruinae</span> <span class='ocrx_word' id='word_1_58' title='bbox 2321 946 2347 967; x_wconf 86' lang='lat'>.</span> 
     </span>
     <span class='ocr_line' id='line_1_9' title="bbox 604 977 2090 1063; baseline -0.003 -14"><span class='ocrx_word' id='word_1_59' title='bbox 604 977 773 1049; x_wconf 81' lang='lat' dir='ltr'>Vide</span> <span class='ocrx_word' id='word_1_60' title='bbox 808 980 929 1055; x_wconf 84' lang='lat' dir='ltr'>alia</span> <span class='ocrx_word' id='word_1_61' title='bbox 972 983 1044 1045; x_wconf 89' lang='lat' dir='ltr'>de</span> <span class='ocrx_word' id='word_1_62' title='bbox 1080 980 1285 1063; x_wconf 74' lang='lat' dir='ltr'>Sejano</span> <span class='ocrx_word' id='word_1_63' title='bbox 1325 980 1387 1047; x_wconf 86' lang='lat' dir='ltr'>in</span> <span class='ocrx_word' id='word_1_64' title='bbox 1430 979 1798 1063; x_wconf 66' lang='lat' dir='ltr'>specimine.</span> <span class='ocrx_word' id='word_1_65' title='bbox 2077 986 2090 1003; x_wconf 75' lang='lat'>⁸</span> 
     </span>
     <span class='ocr_line' id='line_1_10' title="bbox 600 1058 2780 1145; baseline -0.001 -15"><span class='ocrx_word' id='word_1_66' title='bbox 600 1086 609 1093; x_wconf 87' lang='lat'><strong>·</strong></span> <span class='ocrx_word' id='word_1_67' title='bbox 690 1060 1063 1145; x_wconf 72' lang='lat' dir='ltr'>sempronius</span> <span class='ocrx_word' id='word_1_68' title='bbox 1100 1059 1296 1139; x_wconf 72' lang='lat' dir='ltr'>(T.)</span> <span class='ocrx_word' id='word_1_69' title='bbox 1339 1062 1578 1143; x_wconf 87' lang='lat' dir='ltr'>Longus</span> <span class='ocrx_word' id='word_1_70' title='bbox 1619 1063 1808 1127; x_wconf 87' lang='lat' dir='ltr'>dictus</span> <span class='ocrx_word' id='word_1_71' title='bbox 1830 1107 1849 1142; x_wconf 92' lang='lat'>,</span> <span class='ocrx_word' id='word_1_72' title='bbox 1893 1062 2046 1129; x_wconf 88' lang='lat' dir='ltr'>Cos.</span> <span class='ocrx_word' id='word_1_73' title='bbox 2088 1084 2226 1130; x_wconf 88' lang='lat' dir='ltr'>cum</span> <span class='ocrx_word' id='word_1_74' title='bbox 2270 1066 2345 1130; x_wconf 86' lang='lat' dir='ltr'>P.</span> <span class='ocrx_word' id='word_1_75' title='bbox 2385 1058 2584 1129; x_wconf 89' lang='lat' dir='ltr'>Corn.</span> <span class='ocrx_word' id='word_1_76' title='bbox 2625 1060 2780 1127; x_wconf 85' lang='lat' dir='ltr'>Sci-</span> 
     </span>
    </p>

    <p class='ocr_par' dir='ltr' id='par_1_7' title="bbox 661 1143 2776 1226">
     <span class='ocr_line' id='line_1_11' title="bbox 661 1143 2776 1226; baseline -0 -16"><span class='ocrx_word' id='word_1_77' title='bbox 661 1143 795 1212; x_wconf 89' lang='lat' dir='ltr'>ione</span> <span class='ocrx_word' id='word_1_78' title='bbox 853 1144 1046 1210; x_wconf 88' lang='lat' dir='ltr'>Rom.</span> <span class='ocrx_word' id='word_1_79' title='bbox 1114 1144 1397 1209; x_wconf 84' lang='lat' dir='ltr'>exercitus</span> <span class='ocrx_word' id='word_1_80' title='bbox 1438 1144 1556 1223; x_wconf 76' lang='lat' dir='ltr'>dux</span> <span class='ocrx_word' id='word_1_81' title='bbox 1601 1163 1810 1226; x_wconf 86' lang='lat' dir='ltr'>parum</span> <span class='ocrx_word' id='word_1_82' title='bbox 1859 1162 2066 1211; x_wconf 89' lang='lat' dir='ltr'>cautus</span> <span class='ocrx_word' id='word_1_83' title='bbox 2100 1188 2122 1223; x_wconf 84' lang='lat'>‚</span> <span class='ocrx_word' id='word_1_84' title='bbox 2177 1165 2242 1212; x_wconf 91' lang='lat' dir='ltr'>et</span> <span class='ocrx_word' id='word_1_85' title='bbox 2299 1162 2572 1223; x_wconf 84' lang='lat' dir='ltr'>expertus</span> <span class='ocrx_word' id='word_1_86' title='bbox 2607 1187 2634 1221; x_wconf 80' lang='lat'>,</span> <span class='ocrx_word' id='word_1_87' title='bbox 2695 1166 2776 1209; x_wconf 83' lang='lat' dir='ltr'>ae</span> 
     </span>
    </p>

    <p class='ocr_par' dir='ltr' id='par_1_8' title="bbox 604 1222 2778 1549">
     <span class='ocr_line' id='line_1_12' title="bbox 639 1222 2774 1309; baseline -0.001 -18"><span class='ocrx_word' id='word_1_88' title='bbox 639 1226 815 1309; x_wconf 85' lang='lat' dir='ltr'>ingua</span> <span class='ocrx_word' id='word_1_89' title='bbox 856 1225 1087 1307; x_wconf 86' lang='lat' dir='ltr'>magis,</span> <span class='ocrx_word' id='word_1_90' title='bbox 1129 1244 1310 1307; x_wconf 90' lang='lat' dir='ltr'>quam</span> <span class='ocrx_word' id='word_1_91' title='bbox 1352 1246 1540 1291; x_wconf 89' lang='lat' dir='ltr'>manu</span> <span class='ocrx_word' id='word_1_92' title='bbox 1583 1241 1936 1306; x_wconf 85' lang='lat' dir='ltr'>promptus,</span> <span class='ocrx_word' id='word_1_93' title='bbox 1977 1225 2205 1307; x_wconf 89' lang='lat' dir='ltr'>victus,</span> <span class='ocrx_word' id='word_1_94' title='bbox 2247 1244 2309 1293; x_wconf 87' lang='lat' dir='ltr'>et</span> <span class='ocrx_word' id='word_1_95' title='bbox 2351 1224 2586 1305; x_wconf 81' lang='lat' dir='ltr'>fugatus</span> <span class='ocrx_word' id='word_1_96' title='bbox 2643 1222 2774 1289; x_wconf 80' lang='lat' dir='ltr'>fuit</span> 
     </span>
     <span class='ocr_line' id='line_1_13' title="bbox 607 1304 2778 1387; baseline 0 -16"><span class='ocrx_word' id='word_1_97' title='bbox 607 1308 689 1373; x_wconf 76' lang='lat' dir='ltr'>ab</span> <span class='ocrx_word' id='word_1_98' title='bbox 730 1304 1185 1373; x_wconf 59' lang='lat' dir='ltr'>Hannibalead</span> <span class='ocrx_word' id='word_1_99' title='bbox 1232 1305 1571 1387; x_wconf 84' lang='lat' dir='ltr'>Ticinum,</span> <span class='ocrx_word' id='word_1_100' title='bbox 1614 1308 1986 1375; x_wconf 79' lang='lat' dir='ltr'>dissuadente</span> <span class='ocrx_word' id='word_1_101' title='bbox 2028 1305 2242 1373; x_wconf 84' lang='lat' dir='ltr'>frustra</span> <span class='ocrx_word' id='word_1_102' title='bbox 2293 1305 2586 1387; x_wconf 82' lang='lat' dir='ltr'>praelium</span> <span class='ocrx_word' id='word_1_103' title='bbox 2628 1304 2778 1372; x_wconf 45' lang='lat' dir='ltr'>eol&amp;</span> 
     </span>
     <span class='ocr_line' id='line_1_14' title="bbox 604 1386 2765 1471; baseline -0.002 -16"><span class='ocrx_word' id='word_1_104' title='bbox 604 1386 740 1469; x_wconf 85' lang='lat' dir='ltr'>lega</span> <span class='ocrx_word' id='word_1_105' title='bbox 782 1408 889 1452; x_wconf 88' lang='lat' dir='ltr'>suo</span> <span class='ocrx_word' id='word_1_106' title='bbox 931 1406 1139 1467; x_wconf 85' lang='lat' dir='ltr'>parum</span> <span class='ocrx_word' id='word_1_107' title='bbox 1182 1405 1352 1451; x_wconf 88' lang='lat' dir='ltr'>antea</span> <span class='ocrx_word' id='word_1_108' title='bbox 1414 1407 1693 1471; x_wconf 83' lang='lat' dir='ltr'>superato</span> <span class='ocrx_word' id='word_1_109' title='bbox 1757 1388 1835 1453; x_wconf 90' lang='lat' dir='ltr'>ab</span> <span class='ocrx_word' id='word_1_110' title='bbox 1883 1388 2220 1455; x_wconf 81' lang='lat' dir='ltr'>Hannibale</span> <span class='ocrx_word' id='word_1_111' title='bbox 2261 1390 2334 1453; x_wconf 88' lang='lat' dir='ltr'>ad</span> <span class='ocrx_word' id='word_1_112' title='bbox 2379 1386 2692 1455; x_wconf 80' lang='lat' dir='ltr'>Trebiam</span> <span class='ocrx_word' id='word_1_113' title='bbox 2733 1434 2765 1467; x_wconf 83' lang='lat'>,</span> 
     </span>
     <span class='ocr_line' id='line_1_15' title="bbox 605 1465 1930 1549; baseline -0.001 -12"><span class='ocrx_word' id='word_1_114' title='bbox 605 1469 762 1537; x_wconf 84' lang='lat' dir='ltr'>unde</span> <span class='ocrx_word' id='word_1_115' title='bbox 801 1470 1031 1536; x_wconf 80' lang='lat' dir='ltr'>saueius</span> <span class='ocrx_word' id='word_1_116' title='bbox 1077 1465 1445 1537; x_wconf 82' lang='lat' dir='ltr'>Placentiam</span> <span class='ocrx_word' id='word_1_117' title='bbox 1486 1492 1550 1535; x_wconf 78' lang='lat' dir='ltr'>se</span> <span class='ocrx_word' id='word_1_118' title='bbox 1593 1488 1884 1549; x_wconf 80' lang='lat' dir='ltr'>receperat</span> <span class='ocrx_word' id='word_1_119' title='bbox 1910 1516 1930 1537; x_wconf 92' lang='lat'>.</span> 
     </span>
    </p>

    <p class='ocr_par' dir='ltr' id='par_1_9' title="bbox 598 1548 2776 2191">
     <span class='ocr_line' id='line_1_16' title="bbox 684 1548 2764 1633; baseline -0.002 -16"><span class='ocrx_word' id='word_1_120' title='bbox 684 1555 960 1619; x_wconf 78' lang='lat' dir='ltr'>Senator.</span> <span class='ocrx_word' id='word_1_121' title='bbox 1030 1550 1135 1617; x_wconf 89' lang='lat' dir='ltr'>De</span> <span class='ocrx_word' id='word_1_122' title='bbox 1176 1548 1444 1617; x_wconf 85' lang='lat' dir='ltr'>doctrina</span> <span class='ocrx_word' id='word_1_123' title='bbox 1486 1551 1805 1619; x_wconf 83' lang='lat' dir='ltr'>necessaria</span> <span class='ocrx_word' id='word_1_124' title='bbox 1849 1550 2122 1619; x_wconf 83' lang='lat' dir='ltr'>Senatoti</span> <span class='ocrx_word' id='word_1_125' title='bbox 2152 1598 2173 1633; x_wconf 85' lang='lat'><strong>,</strong></span> <span class='ocrx_word' id='word_1_126' title='bbox 2215 1567 2275 1617; x_wconf 88' lang='lat' dir='ltr'>et</span> <span class='ocrx_word' id='word_1_127' title='bbox 2317 1550 2393 1617; x_wconf 86' lang='lat' dir='ltr'>de</span> <span class='ocrx_word' id='word_1_128' title='bbox 2451 1548 2710 1615; x_wconf 79' lang='lat' dir='ltr'>scientia</span> <span class='ocrx_word' id='word_1_129' title='bbox 2739 1592 2764 1628; x_wconf 87' lang='lat'>,</span> 
     </span>
     <span class='ocr_line' id='line_1_17' title="bbox 600 1628 2776 1717; baseline -0.002 -19"><span class='ocrx_word' id='word_1_130' title='bbox 600 1652 723 1717; x_wconf 86' lang='lat' dir='ltr'>qua</span> <span class='ocrx_word' id='word_1_131' title='bbox 768 1630 993 1715; x_wconf 85' lang='lat' dir='ltr'>Remp.</span> <span class='ocrx_word' id='word_1_132' title='bbox 1033 1631 1180 1699; x_wconf 89' lang='lat' dir='ltr'>bene</span> <span class='ocrx_word' id='word_1_133' title='bbox 1223 1651 1427 1699; x_wconf 85' lang='lat' dir='ltr'>notam</span> <span class='ocrx_word' id='word_1_134' title='bbox 1470 1630 1732 1713; x_wconf 82' lang='lat' dir='ltr'>habeat,</span> <span class='ocrx_word' id='word_1_135' title='bbox 1803 1632 1934 1697; x_wconf 89' lang='lat' dir='ltr'>vide</span> <span class='ocrx_word' id='word_1_136' title='bbox 1980 1632 2117 1701; x_wconf 81' lang='lat' dir='ltr'>Cic.</span> <span class='ocrx_word' id='word_1_137' title='bbox 2157 1636 2206 1699; x_wconf 86' lang='lat'>1.</span> <span class='ocrx_word' id='word_1_138' title='bbox 2249 1654 2307 1717; x_wconf 86' lang='lat'>3.</span> <span class='ocrx_word' id='word_1_139' title='bbox 2367 1634 2442 1697; x_wconf 89' lang='lat' dir='ltr'>de</span> <span class='ocrx_word' id='word_1_140' title='bbox 2493 1628 2776 1712; x_wconf 75' lang='lat' dir='ltr'>Legibus</span> 
     </span>
     <span class='ocr_line' id='line_1_18' title="bbox 604 1710 2760 1797; baseline 0 -19"><span class='ocrx_word' id='word_1_141' title='bbox 604 1732 793 1796; x_wconf 81' lang='lat' dir='ltr'>prope</span> <span class='ocrx_word' id='word_1_142' title='bbox 832 1710 1013 1783; x_wconf 85' lang='lat' dir='ltr'>finem</span> <span class='ocrx_word' id='word_1_143' title='bbox 1038 1761 1059 1781; x_wconf 94' lang='lat'>.</span> <span class='ocrx_word' id='word_1_144' title='bbox 1103 1712 1268 1781; x_wconf 83' lang='lat' dir='ltr'>Vide</span> <span class='ocrx_word' id='word_1_145' title='bbox 1307 1722 1563 1781; x_wconf 79' lang='lat' dir='ltr'>senatus</span> <span class='ocrx_word' id='word_1_146' title='bbox 1605 1716 1670 1781; x_wconf 88' lang='lat' dir='ltr'>in</span> <span class='ocrx_word' id='word_1_147' title='bbox 1711 1710 2041 1797; x_wconf 74' lang='lat' dir='ltr'>specimine</span> <span class='ocrx_word' id='word_1_148' title='bbox 2061 1761 2082 1782; x_wconf 92' lang='lat'>.</span> <span class='ocrx_word' id='word_1_149' title='bbox 2143 1716 2303 1782; x_wconf 88' lang='lat' dir='ltr'>Plin.</span> <span class='ocrx_word' id='word_1_150' title='bbox 2343 1714 2392 1779; x_wconf 87' lang='grc' dir='ltr'>Ι.</span> <span class='ocrx_word' id='word_1_151' title='bbox 2433 1734 2498 1791; x_wconf 88' lang='grc'>7.</span> <span class='ocrx_word' id='word_1_152' title='bbox 2542 1735 2592 1777; x_wconf 90' lang='lat' dir='ltr'>c.</span> <span class='ocrx_word' id='word_1_153' title='bbox 2633 1718 2760 1787; x_wconf 82' lang='grc'>48.</span> 
     </span>
     <span class='ocr_line' id='line_1_19' title="bbox 600 1792 2772 1882; baseline 0 -21"><span class='ocrx_word' id='word_1_154' title='bbox 600 1812 847 1875; x_wconf 86' lang='lat' dir='ltr'>narrat,</span> <span class='ocrx_word' id='word_1_155' title='bbox 908 1818 1093 1864; x_wconf 85' lang='lat' dir='ltr'>unum</span> <span class='ocrx_word' id='word_1_156' title='bbox 1160 1798 1412 1863; x_wconf 88' lang='lat' dir='ltr'>omnino</span> <span class='ocrx_word' id='word_1_157' title='bbox 1454 1797 1920 1882; x_wconf 84' lang='lat' dir='ltr'>quinquennium</span> <span class='ocrx_word' id='word_1_158' title='bbox 1969 1793 2146 1863; x_wconf 81' lang='lat' dir='ltr'>fuisse</span> <span class='ocrx_word' id='word_1_159' title='bbox 2178 1838 2200 1870; x_wconf 83' lang='lat'>‚</span> <span class='ocrx_word' id='word_1_160' title='bbox 2263 1796 2326 1861; x_wconf 89' lang='lat' dir='ltr'>in</span> <span class='ocrx_word' id='word_1_161' title='bbox 2369 1792 2772 1881; x_wconf 46' lang='lat' dir='ltr'>quosnullus</span> 
     </span>
     <span class='ocr_line' id='line_1_20' title="bbox 598 1874 2770 1967; baseline -0.001 -24"><span class='ocrx_word' id='word_1_162' title='bbox 598 1876 849 1944; x_wconf 84' lang='lat' dir='ltr'>Senator</span> <span class='ocrx_word' id='word_1_163' title='bbox 887 1876 1045 1944; x_wconf 87' lang='lat' dir='ltr'>obiit</span> <span class='ocrx_word' id='word_1_164' title='bbox 1084 1900 1104 1945; x_wconf 74' lang='lat' dir='ltr'>t</span> <span class='ocrx_word' id='word_1_165' title='bbox 1164 1880 1325 1966; x_wconf 88' lang='lat' dir='ltr'>quod</span> <span class='ocrx_word' id='word_1_166' title='bbox 1368 1878 1588 1945; x_wconf 87' lang='lat' dir='ltr'>mirum</span> <span class='ocrx_word' id='word_1_167' title='bbox 1632 1874 1896 1958; x_wconf 78' lang='lat' dir='ltr'>profecto</span> <span class='ocrx_word' id='word_1_168' title='bbox 1939 1896 2032 1943; x_wconf 89' lang='lat' dir='ltr'>est</span> <span class='ocrx_word' id='word_1_169' title='bbox 2065 1921 2089 1956; x_wconf 91' lang='lat'>,</span> <span class='ocrx_word' id='word_1_170' title='bbox 2144 1900 2282 1944; x_wconf 88' lang='lat' dir='ltr'>cum</span> <span class='ocrx_word' id='word_1_171' title='bbox 2357 1892 2456 1941; x_wconf 84' lang='lat' dir='ltr'>tot</span> <span class='ocrx_word' id='word_1_172' title='bbox 2496 1895 2770 1967; x_wconf 59' lang='lat' dir='ltr'>nurnero</span> 
     </span>
     <span class='ocr_line' id='line_1_21' title="bbox 599 1956 2760 2050; baseline -0.002 -25"><span class='ocrx_word' id='word_1_173' title='bbox 599 1977 794 2025; x_wconf 82' lang='lat' dir='ltr'>essent</span> <span class='ocrx_word' id='word_1_174' title='bbox 834 1960 1186 2029; x_wconf 76' lang='lat' dir='ltr'>senatores.</span> <span class='ocrx_word' id='word_1_175' title='bbox 1226 1960 1404 2027; x_wconf 83' lang='lat' dir='ltr'>Nam</span> <span class='ocrx_word' id='word_1_176' title='bbox 1442 1958 1903 2027; x_wconf 86' lang='lat' dir='ltr'>Triumviratus</span> <span class='ocrx_word' id='word_1_177' title='bbox 1965 1976 2234 2040; x_wconf 83' lang='lat' dir='ltr'>tempore</span> <span class='ocrx_word' id='word_1_178' title='bbox 2269 1974 2446 2025; x_wconf 87' lang='lat' dir='ltr'>erant</span> <span class='ocrx_word' id='word_1_179' title='bbox 2501 1956 2680 2039; x_wconf 74' lang='lat' dir='ltr'>mille</span> <span class='ocrx_word' id='word_1_180' title='bbox 2703 1980 2760 2050; x_wconf 43' lang='grc' dir='ltr'>,ς</span> 
     </span>
     <span class='ocr_line' id='line_1_22' title="bbox 602 2038 2770 2191; baseline -0.001 -86"><span class='ocrx_word' id='word_1_181' title='bbox 602 2060 807 2191; x_wconf 57' lang='grc' dir='ltr'>Ξοςῑεε</span> <span class='ocrx_word' id='word_1_182' title='bbox 828 2087 850 2122; x_wconf 90' lang='grc'><strong>,</strong></span> <span class='ocrx_word' id='word_1_183' title='bbox 906 2041 1018 2137; x_wconf 77' lang='lat' dir='ltr'>sub</span> <span class='ocrx_word' id='word_1_184' title='bbox 1060 2043 1343 2123; x_wconf 76' lang='lat' dir='ltr'>Augusto</span> <span class='ocrx_word' id='word_1_185' title='bbox 1385 2057 1629 2109; x_wconf 84' lang='lat' dir='ltr'>tantum</span> <span class='ocrx_word' id='word_1_186' title='bbox 1695 2039 1993 2125; x_wconf 82' lang='lat' dir='ltr'>sexcenti,</span> <span class='ocrx_word' id='word_1_187' title='bbox 2059 2059 2124 2106; x_wconf 91' lang='lat' dir='ltr'>et</span> <span class='ocrx_word' id='word_1_188' title='bbox 2168 2038 2266 2109; x_wconf 89' lang='lat' dir='ltr'>hic</span> <span class='ocrx_word' id='word_1_189' title='bbox 2307 2057 2588 2108; x_wconf 85' lang='lat' dir='ltr'>numerus</span> <span class='ocrx_word' id='word_1_190' title='bbox 2651 2056 2770 2103; x_wconf 73' lang='lat' dir='ltr'>vt-</span> 
     </span>
    </p>

    <p class='ocr_par' dir='ltr' id='par_1_10' title="bbox 650 2137 2576 2193">
     <span class='ocr_line' id='line_1_23' title="bbox 650 2137 2576 2193; baseline 0.003 -6"><span class='ocrx_word' id='word_1_191' title='bbox 650 2137 781 2188; x_wconf 85' lang='lat' dir='ltr'>etur</span> <span class='ocrx_word' id='word_1_192' title='bbox 820 2142 1143 2193; x_wconf 75' lang='lat' dir='ltr'>manstsse·</span> <span class='ocrx_word' id='word_1_193' title='bbox 2569 2139 2576 2147; x_wconf 87' lang='lat'><strong><em>‘</em></strong></span> 
     </span>
    </p>
   </div>
   <div class='ocr_carea' id='block_1_3' title="bbox 1301 2244 2065 2319">
    <p class='ocr_par' dir='ltr' id='par_1_11' title="bbox 1301 2244 2065 2319">
     <span class='ocr_line' id='line_1_24' title="bbox 1301 2244 2065 2319; baseline 0.003 -5"><span class='ocrx_word' id='word_1_194' title='bbox 1301 2244 2065 2319; x_wconf 59' lang='lat' dir='ltr'>cenomanum.</span> 
     </span>
    </p>
   </div>
   <div class='ocr_carea' id='block_1_4' title="bbox 606 2362 2850 3834">
    <p class='ocr_par' dir='ltr' id='par_1_12' title="bbox 606 2362 2850 3187">
     <span class='ocr_line' id='line_1_25' title="bbox 689 2362 2776 2459; baseline -0.001 -27"><span class='ocrx_word' id='word_1_195' title='bbox 689 2372 942 2459; x_wconf 63' lang='lat' dir='ltr'>Sepagus</span> <span class='ocrx_word' id='word_1_196' title='bbox 974 2365 1171 2435; x_wconf 81' lang='lat' dir='ltr'>Rom.</span> <span class='ocrx_word' id='word_1_197' title='bbox 1211 2367 1379 2434; x_wconf 86' lang='lat' dir='ltr'>Vide</span> <span class='ocrx_word' id='word_1_198' title='bbox 1420 2369 1858 2436; x_wconf 78' lang='lat' dir='ltr'>cassiodorum</span> <span class='ocrx_word' id='word_1_199' title='bbox 1902 2389 2040 2435; x_wconf 88' lang='lat' dir='ltr'>cum</span> <span class='ocrx_word' id='word_1_200' title='bbox 2083 2367 2270 2434; x_wconf 89' lang='lat' dir='ltr'>Notis</span> <span class='ocrx_word' id='word_1_201' title='bbox 2312 2365 2384 2431; x_wconf 86' lang='lat' dir='ltr'>ad</span> <span class='ocrx_word' id='word_1_202' title='bbox 2409 2362 2776 2430; x_wconf 67' lang='lat' dir='ltr'>romulam</span> 
     </span>
     <span class='ocr_line' id='line_1_26' title="bbox 610 2445 2774 2526; baseline -0.002 -12"><span class='ocrx_word' id='word_1_203' title='bbox 610 2469 677 2526; x_wconf 85' lang='grc'>4.</span> <span class='ocrx_word' id='word_1_204' title='bbox 718 2447 865 2513; x_wconf 69' lang='lat' dir='ltr'>ltlm</span> <span class='ocrx_word' id='word_1_205' title='bbox 906 2455 969 2516; x_wconf 88' lang='grc'>6.</span> <span class='ocrx_word' id='word_1_206' title='bbox 1010 2445 1358 2517; x_wconf 74' lang='lat' dir='ltr'>Variarum.</span> <span class='ocrx_word' id='word_1_207' title='bbox 1404 2451 1650 2516; x_wconf 86' lang='lat' dir='ltr'>Senatus</span> <span class='ocrx_word' id='word_1_208' title='bbox 1691 2449 1960 2518; x_wconf 87' lang='lat' dir='ltr'>Romani</span> <span class='ocrx_word' id='word_1_209' title='bbox 2002 2448 2362 2514; x_wconf 87' lang='lat' dir='ltr'>auctoritate</span> <span class='ocrx_word' id='word_1_210' title='bbox 2401 2446 2774 2512; x_wconf 85' lang='lat' dir='ltr'>creabantur</span> 
     </span>
     <span class='ocr_line' id='line_1_27' title="bbox 606 2525 2777 2608; baseline -0.002 -12"><span class='ocrx_word' id='word_1_211' title='bbox 606 2527 1055 2608; x_wconf 82' lang='lat' dir='ltr'>Imperatores,</span> <span class='ocrx_word' id='word_1_212' title='bbox 1098 2528 1191 2598; x_wconf 88' lang='lat' dir='ltr'>vel</span> <span class='ocrx_word' id='word_1_213' title='bbox 1232 2530 1762 2598; x_wconf 86' lang='lat' dir='ltr'>Senatusconsulto</span> <span class='ocrx_word' id='word_1_214' title='bbox 1824 2529 2216 2600; x_wconf 82' lang='lat' dir='ltr'>roborabatur</span> <span class='ocrx_word' id='word_1_215' title='bbox 2273 2549 2476 2594; x_wconf 86' lang='lat' dir='ltr'>eorum</span> <span class='ocrx_word' id='word_1_216' title='bbox 2530 2525 2777 2592; x_wconf 49' lang='lat' dir='ltr'>&gt;electio</span> 
     </span>
     <span class='ocr_line' id='line_1_28' title="bbox 608 2609 2780 2694; baseline -0.003 -16"><span class='ocrx_word' id='word_1_217' title='bbox 608 2609 693 2678; x_wconf 79' lang='lat' dir='ltr'>ab</span> <span class='ocrx_word' id='word_1_218' title='bbox 731 2611 989 2680; x_wconf 85' lang='lat' dir='ltr'>exercitu</span> <span class='ocrx_word' id='word_1_219' title='bbox 1033 2609 1233 2694; x_wconf 83' lang='lat' dir='ltr'>facta,</span> <span class='ocrx_word' id='word_1_220' title='bbox 1278 2610 1419 2680; x_wconf 85' lang='lat' dir='ltr'>belli</span> <span class='ocrx_word' id='word_1_221' title='bbox 1465 2630 1769 2694; x_wconf 83' lang='lat' dir='ltr'>tempore.</span> <span class='ocrx_word' id='word_1_222' title='bbox 1817 2611 2018 2678; x_wconf 86' lang='lat' dir='ltr'>Electi</span> <span class='ocrx_word' id='word_1_223' title='bbox 2063 2610 2328 2678; x_wconf 85' lang='lat' dir='ltr'>militum</span> <span class='ocrx_word' id='word_1_224' title='bbox 2369 2609 2780 2676; x_wconf 86' lang='lat' dir='ltr'>acclamatio·</span> 
     </span>
     <span class='ocr_line' id='line_1_29' title="bbox 613 2693 2778 2776; baseline -0.004 -16"><span class='ocrx_word' id='word_1_225' title='bbox 613 2713 695 2761; x_wconf 85' lang='lat' dir='ltr'>ne</span> <span class='ocrx_word' id='word_1_226' title='bbox 740 2695 799 2758; x_wconf 91' lang='lat' dir='ltr'>in</span> <span class='ocrx_word' id='word_1_227' title='bbox 840 2695 1049 2762; x_wconf 76' lang='lat' dir='ltr'>eastris</span> <span class='ocrx_word' id='word_1_228' title='bbox 1090 2694 1479 2776; x_wconf 81' lang='lat' dir='ltr'>expectabant</span> <span class='ocrx_word' id='word_1_229' title='bbox 1505 2741 1526 2774; x_wconf 86' lang='lat'>,</span> <span class='ocrx_word' id='word_1_230' title='bbox 1566 2711 1630 2760; x_wconf 88' lang='lat' dir='ltr'>et</span> <span class='ocrx_word' id='word_1_231' title='bbox 1669 2693 1964 2772; x_wconf 85' lang='lat' dir='ltr'>optabant</span> <span class='ocrx_word' id='word_1_232' title='bbox 2005 2712 2348 2758; x_wconf 85' lang='lat' dir='ltr'>consensum</span> <span class='ocrx_word' id='word_1_233' title='bbox 2388 2739 2436 2770; x_wconf 85' lang='lat'>‚.</span> <span class='ocrx_word' id='word_1_234' title='bbox 2479 2711 2584 2755; x_wconf 83' lang='lat' dir='ltr'>seu</span> <span class='ocrx_word' id='word_1_235' title='bbox 2645 2709 2778 2770; x_wconf 81' lang='lat' dir='ltr'>ap-</span> 
     </span>
     <span class='ocr_line' id='line_1_30' title="bbox 611 2770 2826 2860; baseline -0.002 -20"><span class='ocrx_word' id='word_1_236' title='bbox 611 2775 1031 2860; x_wconf 80' lang='lat' dir='ltr'>probationem</span> <span class='ocrx_word' id='word_1_237' title='bbox 1074 2775 1363 2850; x_wconf 87' lang='lat' dir='ltr'>Senatus‚</span> <span class='ocrx_word' id='word_1_238' title='bbox 1408 2795 1476 2842; x_wconf 90' lang='lat' dir='ltr'>ut</span> <span class='ocrx_word' id='word_1_239' title='bbox 1517 2797 1587 2842; x_wconf 81' lang='lat' dir='ltr'>ex</span> <span class='ocrx_word' id='word_1_240' title='bbox 1632 2775 1914 2842; x_wconf 87' lang='lat' dir='ltr'>Romana</span> <span class='ocrx_word' id='word_1_241' title='bbox 1951 2775 2238 2842; x_wconf 84' lang='lat' dir='ltr'>Historia</span> <span class='ocrx_word' id='word_1_242' title='bbox 2276 2771 2610 2854; x_wconf 80' lang='lat' dir='ltr'>colligitur.</span> <span class='ocrx_word' id='word_1_243' title='bbox 2651 2770 2784 2836; x_wconf 69' lang='lat' dir='ltr'>Se-</span> <span class='ocrx_word' id='word_1_244' title='bbox 2818 2785 2826 2790; x_wconf 88' lang='grc'><strong>’</strong></span> 
     </span>
     <span class='ocr_line' id='line_1_31' title="bbox 614 2849 2770 2944; baseline -0.003 -21"><span class='ocrx_word' id='word_1_245' title='bbox 614 2875 787 2934; x_wconf 80' lang='lat' dir='ltr'>natus</span> <span class='ocrx_word' id='word_1_246' title='bbox 830 2858 1174 2937; x_wconf 87' lang='lat' dir='ltr'>eminebat,</span> <span class='ocrx_word' id='word_1_247' title='bbox 1220 2859 1279 2924; x_wconf 91' lang='lat' dir='ltr'>in</span> <span class='ocrx_word' id='word_1_248' title='bbox 1323 2857 1564 2938; x_wconf 83' lang='lat' dir='ltr'>Repub.</span> <span class='ocrx_word' id='word_1_249' title='bbox 1604 2856 1926 2936; x_wconf 85' lang='lat' dir='ltr'>Romana,</span> <span class='ocrx_word' id='word_1_250' title='bbox 1981 2855 2340 2923; x_wconf 87' lang='lat' dir='ltr'>auctoritate</span> <span class='ocrx_word' id='word_1_251' title='bbox 2380 2879 2404 2935; x_wconf 68' lang='grc' dir='ltr'><strong>ς</strong></span> <span class='ocrx_word' id='word_1_252' title='bbox 2483 2849 2770 2944; x_wconf 71' lang='lat' dir='ltr'>Populus</span> 
     </span>
     <span class='ocr_line' id='line_1_32' title="bbox 612 2937 2776 3022; baseline -0.002 -20"><span class='ocrx_word' id='word_1_253' title='bbox 612 2958 819 3006; x_wconf 87' lang='lat' dir='ltr'>autem</span> <span class='ocrx_word' id='word_1_254' title='bbox 859 2940 1160 3008; x_wconf 80' lang='lat' dir='ltr'>eminebat</span> <span class='ocrx_word' id='word_1_255' title='bbox 1196 2941 1506 3022; x_wconf 77' lang='lat' dir='ltr'>potentia.</span> <span class='ocrx_word' id='word_1_256' title='bbox 1588 2937 1754 3004; x_wconf 89' lang='lat' dir='ltr'>Rata</span> <span class='ocrx_word' id='word_1_257' title='bbox 1815 2939 1972 3005; x_wconf 86' lang='lat' dir='ltr'>enim</span> <span class='ocrx_word' id='word_1_258' title='bbox 2017 2959 2142 3005; x_wconf 88' lang='lat' dir='ltr'>non</span> <span class='ocrx_word' id='word_1_259' title='bbox 2187 2955 2398 3016; x_wconf 83' lang='lat' dir='ltr'>erant,</span> <span class='ocrx_word' id='word_1_260' title='bbox 2461 2954 2566 3000; x_wconf 88' lang='lat' dir='ltr'>nec</span> <span class='ocrx_word' id='word_1_261' title='bbox 2629 2951 2776 2997; x_wconf 71' lang='lat' dir='ltr'>vim</span> 
     </span>
     <span class='ocr_line' id='line_1_33' title="bbox 613 3013 2850 3110; baseline -0.003 -25"><span class='ocrx_word' id='word_1_262' title='bbox 613 3015 912 3088; x_wconf 81' lang='lat' dir='ltr'>habebant</span> <span class='ocrx_word' id='word_1_263' title='bbox 952 3021 1251 3104; x_wconf 86' lang='lat' dir='ltr'>obligandi</span> <span class='ocrx_word' id='word_1_264' title='bbox 1292 3023 1545 3092; x_wconf 86' lang='lat' dir='ltr'>Senatus</span> <span class='ocrx_word' id='word_1_265' title='bbox 1585 3018 1880 3088; x_wconf 88' lang='lat' dir='ltr'>Consulta</span> <span class='ocrx_word' id='word_1_266' title='bbox 1904 3065 1927 3099; x_wconf 88' lang='lat'>,</span> <span class='ocrx_word' id='word_1_267' title='bbox 1965 3041 2064 3086; x_wconf 87' lang='lat' dir='ltr'>seu</span> <span class='ocrx_word' id='word_1_268' title='bbox 2106 3018 2408 3110; x_wconf 70' lang='lat' dir='ltr'>Decreta,</span> <span class='ocrx_word' id='word_1_269' title='bbox 2451 3032 2606 3100; x_wconf 86' lang='lat' dir='ltr'>quae</span> <span class='ocrx_word' id='word_1_270' title='bbox 2639 3013 2780 3079; x_wconf 82' lang='lat' dir='ltr'>Po·</span> <span class='ocrx_word' id='word_1_271' title='bbox 2821 3051 2850 3068; x_wconf 68' lang='lat' dir='ltr'>e</span> 
     </span>
     <span class='ocr_line' id='line_1_34' title="bbox 614 3097 2496 3187; baseline 0.001 -23"><span class='ocrx_word' id='word_1_272' title='bbox 614 3097 764 3182; x_wconf 68' lang='lat' dir='ltr'>pulo</span> <span class='ocrx_word' id='word_1_273' title='bbox 802 3103 1053 3181; x_wconf 80' lang='lat' dir='ltr'>probata</span> <span class='ocrx_word' id='word_1_274' title='bbox 1095 3127 1214 3170; x_wconf 89' lang='lat' dir='ltr'>non</span> <span class='ocrx_word' id='word_1_275' title='bbox 1262 3122 1465 3169; x_wconf 88' lang='lat' dir='ltr'>erant.</span> <span class='ocrx_word' id='word_1_276' title='bbox 1511 3101 1674 3170; x_wconf 88' lang='lat' dir='ltr'>Vide</span> <span class='ocrx_word' id='word_1_277' title='bbox 1713 3099 1836 3168; x_wconf 82' lang='lat' dir='ltr'>alia</span> <span class='ocrx_word' id='word_1_278' title='bbox 1881 3101 1940 3167; x_wconf 89' lang='lat' dir='ltr'>in</span> <span class='ocrx_word' id='word_1_279' title='bbox 1982 3109 2306 3184; x_wconf 77' lang='lat' dir='ltr'>Specrmme</span> <span class='ocrx_word' id='word_1_280' title='bbox 2331 3146 2352 3167; x_wconf 89' lang='lat'>.</span> <span class='ocrx_word' id='word_1_281' title='bbox 2483 3173 2496 3187; x_wconf 52' lang='grc'><em>,</em></span> 
     </span>
    </p>

    <p class='ocr_par' dir='ltr' id='par_1_13' title="bbox 616 3173 2802 3834">
     <span class='ocr_line' id='line_1_35' title="bbox 698 3173 2780 3270; baseline -0.003 -27"><span class='ocrx_word' id='word_1_282' title='bbox 698 3187 908 3245; x_wconf 81' lang='lat' dir='ltr'>Seneca</span> <span class='ocrx_word' id='word_1_283' title='bbox 946 3184 1072 3262; x_wconf 88' lang='lat' dir='ltr'>(L.</span> <span class='ocrx_word' id='word_1_284' title='bbox 1118 3187 1303 3264; x_wconf 85' lang='lat' dir='ltr'>An.)</span> <span class='ocrx_word' id='word_1_285' title='bbox 1345 3187 1419 3252; x_wconf 88' lang='lat' dir='ltr'>de</span> <span class='ocrx_word' id='word_1_286' title='bbox 1462 3206 1584 3270; x_wconf 87' lang='lat' dir='ltr'>quo</span> <span class='ocrx_word' id='word_1_287' title='bbox 1625 3183 1818 3251; x_wconf 81' lang='lat' dir='ltr'>multa</span> <span class='ocrx_word' id='word_1_288' title='bbox 1863 3181 1925 3248; x_wconf 85' lang='lat' dir='ltr'>in</span> <span class='ocrx_word' id='word_1_289' title='bbox 1967 3177 2333 3266; x_wconf 71' lang='lat' dir='ltr'>specimine.</span> <span class='ocrx_word' id='word_1_290' title='bbox 2413 3176 2568 3254; x_wconf 66' lang='lat' dir='ltr'>Eius</span> <span class='ocrx_word' id='word_1_291' title='bbox 2629 3173 2780 3266; x_wconf 52' lang='lat' dir='ltr'>lat-2-</span> 
     </span>
     <span class='ocr_line' id='line_1_36' title="bbox 618 3253 2774 3347; baseline -0.003 -21"><span class='ocrx_word' id='word_1_292' title='bbox 618 3257 765 3344; x_wconf 78' lang='lat' dir='ltr'>des,</span> <span class='ocrx_word' id='word_1_293' title='bbox 805 3276 865 3325; x_wconf 88' lang='lat' dir='ltr'>et</span> <span class='ocrx_word' id='word_1_294' title='bbox 910 3264 1120 3344; x_wconf 84' lang='lat' dir='ltr'>probra</span> <span class='ocrx_word' id='word_1_295' title='bbox 1156 3309 1177 3342; x_wconf 87' lang='lat'><strong>‚</strong></span> <span class='ocrx_word' id='word_1_296' title='bbox 1220 3265 1357 3332; x_wconf 87' lang='lat' dir='ltr'>vide</span> <span class='ocrx_word' id='word_1_297' title='bbox 1398 3265 1559 3347; x_wconf 86' lang='lat' dir='ltr'>apud</span> <span class='ocrx_word' id='word_1_298' title='bbox 1606 3262 1929 3330; x_wconf 90' lang='lat' dir='ltr'>Danielem</span> <span class='ocrx_word' id='word_1_299' title='bbox 1953 3263 2268 3330; x_wconf 87' lang='lat' dir='ltr'>Bartolum</span> <span class='ocrx_word' id='word_1_300' title='bbox 2312 3260 2372 3325; x_wconf 90' lang='lat' dir='ltr'>in</span> <span class='ocrx_word' id='word_1_301' title='bbox 2391 3253 2774 3340; x_wconf 70' lang='lat' dir='ltr'>Geographeae</span> 
     </span>
     <span class='ocr_line' id='line_1_37' title="bbox 623 3341 2802 3426; baseline -0.001 -22"><span class='ocrx_word' id='word_1_302' title='bbox 623 3343 929 3408; x_wconf 79' lang='lat' dir='ltr'>translata</span> <span class='ocrx_word' id='word_1_303' title='bbox 970 3342 1334 3426; x_wconf 80' lang='lat' dir='ltr'>ad·Mores,</span> <span class='ocrx_word' id='word_1_304' title='bbox 1376 3348 1475 3412; x_wconf 88' lang='lat' dir='ltr'>ubi</span> <span class='ocrx_word' id='word_1_305' title='bbox 1520 3346 1592 3410; x_wconf 87' lang='lat' dir='ltr'>de</span> <span class='ocrx_word' id='word_1_306' title='bbox 1632 3347 1843 3412; x_wconf 79' lang='lat' dir='ltr'>Insula</span> <span class='ocrx_word' id='word_1_307' title='bbox 1888 3341 2107 3410; x_wconf 73' lang='lat' dir='ltr'>Zee‘lem</span> <span class='ocrx_word' id='word_1_308' title='bbox 2147 3389 2170 3410; x_wconf 90' lang='lat'>.</span> <span class='ocrx_word' id='word_1_309' title='bbox 2256 3341 2394 3410; x_wconf 88' lang='lat' dir='ltr'>Illic</span> <span class='ocrx_word' id='word_1_310' title='bbox 2447 3360 2581 3404; x_wconf 84' lang='lat' dir='ltr'>eum</span> <span class='ocrx_word' id='word_1_311' title='bbox 2621 3354 2802 3402; x_wconf 70' lang='grc' dir='ltr'><strong>ειη-η·</strong></span> 
     </span>
     <span class='ocr_line' id='line_1_38' title="bbox 617 3417 2782 3521; baseline -0.003 -31"><span class='ocrx_word' id='word_1_312' title='bbox 617 3417 910 3504; x_wconf 80' lang='lat' dir='ltr'>Epicteto</span> <span class='ocrx_word' id='word_1_313' title='bbox 932 3425 1217 3502; x_wconf 78' lang='lat' dir='ltr'>‚confert.</span> <span class='ocrx_word' id='word_1_314' title='bbox 1263 3425 1433 3508; x_wconf 80' lang='lat' dir='ltr'>Quid</span> <span class='ocrx_word' id='word_1_315' title='bbox 1472 3427 1758 3504; x_wconf 81' lang='lat' dir='ltr'>senserit,</span> <span class='ocrx_word' id='word_1_316' title='bbox 1797 3447 1858 3492; x_wconf 89' lang='lat' dir='ltr'>et</span> <span class='ocrx_word' id='word_1_317' title='bbox 1903 3427 2046 3521; x_wconf 80' lang='lat' dir='ltr'>quid</span> <span class='ocrx_word' id='word_1_318' title='bbox 2089 3423 2444 3491; x_wconf 86' lang='lat' dir='ltr'>vaticinatus</span> <span class='ocrx_word' id='word_1_319' title='bbox 2483 3417 2656 3486; x_wconf 83' lang='lat' dir='ltr'>fuerit</span> <span class='ocrx_word' id='word_1_320' title='bbox 2689 3419 2782 3484; x_wconf 85' lang='lat' dir='ltr'>de</span> 
     </span>
     <span class='ocr_line' id='line_1_39' title="bbox 618 3501 2783 3594; baseline -0.001 -23"><span class='ocrx_word' id='word_1_321' title='bbox 618 3521 989 3590; x_wconf 79' lang='lat' dir='ltr'>posterorum</span> <span class='ocrx_word' id='word_1_322' title='bbox 1028 3507 1282 3574; x_wconf 89' lang='lat' dir='ltr'>Scientia</span> <span class='ocrx_word' id='word_1_323' title='bbox 1327 3506 1482 3574; x_wconf 84' lang='lat' dir='ltr'>Astr</span> <span class='ocrx_word' id='word_1_324' title='bbox 1508 3509 1780 3573; x_wconf 88' lang='lat' dir='ltr'>onomica</span> <span class='ocrx_word' id='word_1_325' title='bbox 1804 3554 1825 3587; x_wconf 86' lang='lat'>,</span> <span class='ocrx_word' id='word_1_326' title='bbox 1866 3507 2004 3572; x_wconf 77' lang='lat' dir='ltr'>vide</span> <span class='ocrx_word' id='word_1_327' title='bbox 2041 3505 2168 3584; x_wconf 82' lang='lat' dir='ltr'>ejus</span> <span class='ocrx_word' id='word_1_328' title='bbox 2208 3513 2362 3594; x_wconf 65' lang='lat'>,22-</span> <span class='ocrx_word' id='word_1_329' title='bbox 2405 3508 2551 3594; x_wconf 63' lang='lat' dir='ltr'>NN,</span> <span class='ocrx_word' id='word_1_330' title='bbox 2615 3501 2660 3564; x_wconf 85' lang='lat'>1.</span> <span class='ocrx_word' id='word_1_331' title='bbox 2699 3521 2783 3572; x_wconf 85' lang='lat'>7.</span> 
     </span>
     <span class='ocr_line' id='line_1_40' title="bbox 616 3579 2778 3679; baseline -0.002 -27"><span class='ocrx_word' id='word_1_332' title='bbox 616 3609 673 3652; x_wconf 89' lang='lat' dir='ltr'>c.</span> <span class='ocrx_word' id='word_1_333' title='bbox 714 3605 816 3671; x_wconf 79' lang='lat'>25.</span> <span class='ocrx_word' id='word_1_334' title='bbox 856 3585 1035 3656; x_wconf 86' lang='lat' dir='ltr'>Alibi</span> <span class='ocrx_word' id='word_1_335' title='bbox 1078 3589 1441 3656; x_wconf 86' lang='lat' dir='ltr'>vaticinatur</span> <span class='ocrx_word' id='word_1_336' title='bbox 1499 3589 1688 3656; x_wconf 87' lang='lat' dir='ltr'>Rom.</span> <span class='ocrx_word' id='word_1_337' title='bbox 1731 3587 1976 3670; x_wconf 84' lang='lat' dir='ltr'>Imperii</span> <span class='ocrx_word' id='word_1_338' title='bbox 2021 3588 2254 3654; x_wconf 88' lang='lat' dir='ltr'>ruinam</span> <span class='ocrx_word' id='word_1_339' title='bbox 2281 3631 2305 3679; x_wconf 89' lang='lat'>·.</span> <span class='ocrx_word' id='word_1_340' title='bbox 2345 3584 2446 3653; x_wconf 89' lang='lat' dir='ltr'>De</span> <span class='ocrx_word' id='word_1_341' title='bbox 2484 3579 2778 3661; x_wconf 57' lang='lat' dir='ltr'>musion-</span> 
     </span>
     <span class='ocr_line' id='line_1_41' title="bbox 624 3669 2778 3754; baseline -0.002 -22"><span class='ocrx_word' id='word_1_342' title='bbox 624 3685 809 3745; x_wconf 79' lang='lat' dir='ltr'>gaeva</span> <span class='ocrx_word' id='word_1_343' title='bbox 853 3686 1090 3749; x_wconf 88' lang='lat' dir='ltr'>aetate,</span> <span class='ocrx_word' id='word_1_344' title='bbox 1132 3671 1323 3754; x_wconf 88' lang='lat' dir='ltr'>deque</span> <span class='ocrx_word' id='word_1_345' title='bbox 1365 3688 1538 3738; x_wconf 89' lang='lat' dir='ltr'>motu</span> <span class='ocrx_word' id='word_1_346' title='bbox 1564 3717 1586 3752; x_wconf 89' lang='lat'>‚</span> <span class='ocrx_word' id='word_1_347' title='bbox 1626 3687 1686 3734; x_wconf 88' lang='lat' dir='ltr'>et</span> <span class='ocrx_word' id='word_1_348' title='bbox 1726 3671 1988 3752; x_wconf 85' lang='lat' dir='ltr'>corporis</span> <span class='ocrx_word' id='word_1_349' title='bbox 2008 3669 2426 3736; x_wconf 74' lang='lat' dir='ltr'>exercitatione</span> <span class='ocrx_word' id='word_1_350' title='bbox 2442 3683 2577 3730; x_wconf 89' lang='lat' dir='ltr'>cum</span> <span class='ocrx_word' id='word_1_351' title='bbox 2619 3681 2778 3744; x_wconf 83' lang='lat' dir='ltr'>pue-</span> 
     </span>
     <span class='ocr_line' id='line_1_42' title="bbox 632 3745 2782 3834; baseline -0.005 -13"><span class='ocrx_word' id='word_1_352' title='bbox 632 3766 705 3821; x_wconf 71' lang='grc' dir='ltr'>Ιὶο</span> <span class='ocrx_word' id='word_1_353' title='bbox 744 3749 1023 3829; x_wconf 68' lang='lat' dir='ltr'>Hanno.</span> <span class='ocrx_word' id='word_1_354' title='bbox 1109 3772 1240 3818; x_wconf 87' lang='lat' dir='ltr'>uem</span> <span class='ocrx_word' id='word_1_355' title='bbox 1274 3771 1615 3822; x_wconf 81' lang='lat' dir='ltr'>currentem</span> <span class='ocrx_word' id='word_1_356' title='bbox 1659 3752 1885 3834; x_wconf 87' lang='lat' dir='ltr'>assequi</span> <span class='ocrx_word' id='word_1_357' title='bbox 1926 3768 2046 3818; x_wconf 86' lang='lat' dir='ltr'>non</span> <span class='ocrx_word' id='word_1_358' title='bbox 2091 3747 2333 3818; x_wconf 85' lang='lat' dir='ltr'>valebat</span> <span class='ocrx_word' id='word_1_359' title='bbox 2378 3769 2396 3811; x_wconf 76' lang='grc' dir='ltr'><em>τ</em></span> <span class='ocrx_word' id='word_1_360' title='bbox 2482 3745 2614 3811; x_wconf 85' lang='lat' dir='ltr'>vide</span> <span class='ocrx_word' id='word_1_361' title='bbox 2657 3749 2782 3826; x_wconf 79' lang='lat' dir='ltr'>Ep.</span> 
     </span>
    </p>
   </div>
   <div class='ocr_carea' id='block_1_5' title="bbox 622 3823 2780 3992">
    <p class='ocr_par' dir='ltr' id='par_1_14' title="bbox 622 3823 2780 3992">
     <span class='ocr_line' id='line_1_43' title="bbox 622 3823 2780 3992; baseline -0.01 -79"><span class='ocrx_word' id='word_1_362' title='bbox 622 3827 730 3912; x_wconf 73' lang='lat'>34·</span> <span class='ocrx_word' id='word_1_363' title='bbox 768 3829 850 3900; x_wconf 85' lang='lat' dir='ltr'>In</span> <span class='ocrx_word' id='word_1_364' title='bbox 888 3837 1041 3902; x_wconf 81' lang='lat' dir='ltr'>Prae</span> <span class='ocrx_word' id='word_1_365' title='bbox 1072 3881 1093 3905; x_wconf 92' lang='grc'><strong><em>.</em></strong></span> <span class='ocrx_word' id='word_1_366' title='bbox 1130 3833 1205 3906; x_wconf 73' lang='lat' dir='ltr'>ad</span> <span class='ocrx_word' id='word_1_367' title='bbox 1242 3841 1399 3934; x_wconf 65' lang='lat'>22.</span> <span class='ocrx_word' id='word_1_368' title='bbox 1434 3839 1594 3906; x_wconf 82' lang='lat' dir='ltr'>NN.</span> <span class='ocrx_word' id='word_1_369' title='bbox 1631 3830 1818 3902; x_wconf 74' lang='lat' dir='ltr'>libros</span> <span class='ocrx_word' id='word_1_370' title='bbox 1857 3831 2127 3924; x_wconf 81' lang='lat' dir='ltr'>loquitur</span> <span class='ocrx_word' id='word_1_371' title='bbox 2183 3833 2259 3901; x_wconf 74' lang='lat' dir='ltr'>de.</span> <span class='ocrx_word' id='word_1_372' title='bbox 2301 3829 2438 3899; x_wconf 82' lang='lat' dir='ltr'>Deo</span> <span class='ocrx_word' id='word_1_373' title='bbox 2463 3853 2489 3911; x_wconf 79' lang='grc'>,-</span> <span class='ocrx_word' id='word_1_374' title='bbox 2509 3844 2652 3992; x_wconf 53' lang='lat' dir='ltr'>5Le</span> <span class='ocrx_word' id='word_1_375' title='bbox 2646 3823 2780 3892; x_wconf 86' lang='lat' dir='ltr'>Dei</span> 
     </span>
    </p>
   </div>
   <div class='ocr_carea' id='block_1_6' title="bbox 2396 4048 2408 4081">
    <p class='ocr_par' dir='ltr' id='par_1_15' title="bbox 2396 4048 2408 4081">
     <span class='ocr_line' id='line_1_44' title="bbox 2396 4048 2408 4081; baseline 0 0"><span class='ocrx_word' id='word_1_376' title='bbox 2396 4048 2408 4081; x_wconf 62' lang='lat' dir='ltr'>k</span> 
     </span>
    </p>
   </div>
  </div>
 </body>
</html>
