2985 4387
2345 277 2487 358 285*

424 403 534 467 pos
573 378 950 461 catholicos,
990 377 1097 466 qui
1142 375 1408 446 Arianos
1447 369 1879 458 oppugnabant
1905 420 1926 456 ,
1970 391 2027 444 ct
2072 381 2151 446 ab
2195 395 2405 449 eorum
2434 381 2555 446 im·

421 461 537 546 piis
575 463 952 544 dogmatibus
994 459 1438 527 abhorrebant?
1508 459 1707 552 Mitto
1748 458 2039 528 tumultus
2096 460 2219 529 snb*
2245 463 2555 533 Constan-

419 545 514 612 tio
553 565 758 612 eorum
801 541 1035 608 fautore
1077 543 1142 608 in
1186 543 1367 606 variis
1405 541 1702 621 synodis,
1762 561 1823 605 et
1864 542 2107 609 urbibus
2146 544 2347 610 ahteis
2391 543 2553 608 exci-

420 643 581 693 tatos
607 674 628 704 ,
692 644 759 692 ut
801 641 1074 704 cogerent
1114 621 1475 690 Catholicos
1502 621 1745 704 Episco
1896 626 1969 689 ad
2012 625 2281 692 Arianae
2316 623 2551 692 formu·

417 706 518 775 lae
555 705 746 788 fidei,
805 705 898 772 vel
957 721 1164 790 aperte
1220 703 1555 770 haereticae
1588 749 1610 782 ,
1681 725 1749 767 ve
1815 704 2129 786 ambiguae
2184 705 2553 772 subscriben-

415 789 605 869 dum,
646 809 767 872 quo
809 807 978 853 suam
1018 803 1242 852 sectam
1284 783 1587 850 firmarent
1612 827 1633 860 ‚
1692 803 1755 848 et
1800 803 2219 864 promoverent
2261 833 2282 854 .
2350 787 2555 854 Mitto

417 869 620 936 foedus
660 890 796 935 cum
841 867 1234 949 Meletianis,
1263 887 1356 932 -et
1395 865 1745 934 Donatistis
1788 867 1975 934 ictum
2004 911 2025 942 ‚
2092 889 2156 935 ut
2198 867 2415 946 maiori
2446 885 2559 936 ‘co-

419 969 566 1018 natu
607 950 966 1017 catholicam
1009 950 1082 1014 de
1118 947 1306 1015 Verbi
1367 947 1685 1012 divinitate
1726 947 2183 1032 doctrinam-op
2268 967 2557 1032 gnarent,

415 1051 480 1100 et
520 1033 741 1114 Synodi
788 1029 1091 1098 Nicaenae
1132 1029 1574 1096 definitionibus
1612 1031 2127 1098 contradicerent.
2174 973 2264 1097 ἓξ
2305 1029 2561 1096 mirabi-

415 1135 604 1195 rnur,
663 1133 762 1180 eos
804 1115 864 1180 in
910 1113 1207 1178 narrando
1234 1111 1637 1178 *Constantini
1686 1111 2063 1192 Baptismate
2120 1111 2297 1180 fuisse
2337 1111 2563 1177 menti-

414 1212 553 1274 tos,
596 1192 732 1262 licet
773 1193 1062 1262 mendacii
1111 1210 1342 1273 possent
1387 1191 1705 1272 convinci,
1769 1194 1950 1258 modo
2015 1213 2158 1260 suae
2216 1213 2412 1261 sectae
2454 1214 2565 1260 au-

413 1275 760 1344 ctoritatem
802 1298 874 1342 ex
913 1295 992 1341 eo
1033 1275 1416 1358 Baptismate
1460 1273 1893 1341 conciliarent?
1939 1271 2110 1342 Mihi
2160 1277 2379 1342 mirum
2426 1290 2565 1354 est,

465 1358 580 1436 uod
620 1359 860 1424 mentiti
903 1377 1020 1423 non
1066 1353 1286 1425 fuerint
1331 1354 1733 1435 impudentius
1774 1403 1795 1436 ,
1864 1356 2122 1440 etquod
2186 1373 2393 1440 aperte
2426 1377 2565 1421 ·non

461 1438 716 1521 ixerint,
761 1437 1236 1504 Constantinum
1279 1437 1340 1501 in
1383 1437 1747 1504 -Arianismo
1790 1436 1979 1502 vitam
2022 1436 2289 1505 finivisse
2321 1486 2343 1519 ,
2384 1459 2485 1504 seu
2526 1457 2564 1502 a

413 1520 692 1588 Nicaena
732 1517 849 1586 fide
896 1521 1227 1585 recessisse.
1271 1517 1385 1582 Sed
1427 1515 1675 1582 forsitan
1722 1519 1981 1584 nondum
2014 1519 2418 1586 Constantius
2460 1539 2569 1584 eo·

419 1621 554 1668 rum
597 1601 815 1680 dogma
857 1597 1166 1679 amplexus
1206 1593 1400 1664 fuerat
1429 1641 1450 1679 ,
1491 1617 1553 1661 et
1600 1597 1820 1664 idcirco
1864 1599 1945 1664 ab
1986 1621 2196 1682 aperto
2238 1599 2352 1668 hoc
2399 1621 2565 1668 men-

415 1683 590 1748 dacio
630 1681 736 1747 sibi
787 1699 1241 1762 temperarunt.
1288 1679 1448 1747 Vide
1489 1678 1737 1751 Canum
1783 1675 1897 1748 lib.
1948 1701 2040 1746 tt.
2082 1701 2244 1766 ως.
2286 1699 2347 1748 et
2388 1687 2451 1750 6.
2496 1682 2563 1748 in

415 1762 589 1831 Locis
627 1759 1000 1846 Theologt'ce's
1013 1808 1034 1831 .
1878 1803 1887 1811 ·
2550 1801 2561 1812 -
2610 1819 2621 1830 .

495 1843 557 1927 §..
598 1865 662 1918 7.
705 1843 1097 1929 Quicumque
1136 1839 1464 1908 Historiam
1489 1838 1977 1910 ecclesiasticam
2002 1891 2021 1924 ,
2067 1860 2130 1909 et
2173 1839 2375 1911 Vitam
2405 1852 2559 1908 Gon·

413 1922 677 1994 stamini
717 1943 939 1992 attente
982 1927 1236 2005 legerit,
1282 1925 1452 1994 illico
1494 1944 1769 2021 agnoscet
1814 1947 2063 2007 pravum
2094 1927 2385 1993 Auctoris
2430 1925 2561 1990 ani-

415 2011 637 2088 mum,
701 2023 760 2072 et
805 2005 1032 2075 malam
1071 2005 1293 2086 fidem,
1355 2025 1418 2074 ut
1477 2025 1663 2072 ettam
1728 2009 1986 2073 studium
2048 2007 2333 2084 celandi,
2398 2025 2559 2090 quae

405 2089 662 2158 Romae
719 2088 778 2154 in
819 2087 1082 2155 favorem
1129 2089 1448 2156 Romanae
1494 2086 1799 2155 Ecclesiae
1864 2087 2178 2154 munificus
2221 2088 2567 2164 Imperator

418 2169 546 2253 egit
583 2212 607 2247 ‚
675 2185 736 2235 et
806 2190 959 2255 quae
1019 2171 1082 2237 in
1147 2171 1418 2237 Nicaena
1464 2169 1707 2251 synodo
1772 2191 1882 2251 pro
1940 2168 2233 2238 catholica
2298 2170 2569 2237 doctrina

417 2269 626 2319 contra
669 2249 956 2317 haeresim
985 2297 1006 2330 ‚
1047 2270 1107 2318 et
1153 2252 1559 2335 blasphemias
1588 2254 1963 2320 Arianorum
2002 2274 2139 2319 cum
2169 2250 2565 2320 Constantini

417 2332 632 2416 plausu
671 2329 904 2397 fuerunt
947 2354 982 2397 a
1015 2332 1297 2401 Patribus
1341 2331 1625 2398 definita.
1688 2334 1751 2401 Si
1792 2335 2034 2401 amotis
2074 2334 2260 2411 dolo,
2302 2350 2360 2400 et
2404 2331 2570 2398 frau-

417 2416 496 2480 de
534 2411 856 2493 scripsisset
901 2412 1195 2481 Eusebius
1255 2411 1453 2483 Vitam
1496 2412 1929 2498 Constann’m'3
1992 2434 2285 2482 narrasset
2328 2412 2573 2500 procul-

420 2494 606 2563 dubio
663 2493 1030 2561 notabiliora
1073 2542 1096 2577 ,
1153 2514 1214 2563 et
1275 2496 1551 2579 graviora
1581 2546 1601 2577 ,
1663 2518 1819 2581 quae
1856 2518 2061 2568 coram
2110 2499 2241 2577 ipso
2281 2508 2301 2579 ‘,
2361 2516 2423 2562 et
2465 2516 2571 2563 co·

421 2598 556 2643 ram
615 2574 1026 2643 Constantino
1087 2576 1370 2645 indicta
1433 2578 1682 2661 synodo
1790 2598 1915 2644 esta
1976 2575 2209 2645 fuerunt
2250 2624 2269 2644 .
2366 2576 2568 2643 Talia.

427 2674 567 2725 sunt
611 2658 918 2725 Nicaenae
957 2658 1180 2741 Synodi
1227 2662 1500 2739 decreta,
1563 2678 1623 2725 et
1663 2658 1735 2725 de
1780 2660 2081 2737 nitiones,
2140 2680 2210 2724 ac
2268 2657 2566 2723 unanimis

421 2756 746 2807 consensus
791 2740 1038 2806 Patrum
1087 2759 1230 2824 300.
1279 2742 1338 2805 in
1385 2740 1737 2807 damnandis
1788 2742 1947 2806 Ario
1976 2786 1997 2817 ‚
2038 2757 2099 2805 et
2143 2740 2386 2806 asseclis
2413 2783 2434 2816 ‚
2474 2760 2570 2803 as·

426 2822 788 2917 serendaque
829 2820 1020 2887 Verbi
1065 2842 1167 2888 seu
1211 2820 1348 2886 Filii
1393 2820 1581 2885 divini
1630 2841 1767 2885 vera
1812 2818 2153 2899 filiatione,
2215 2840 2275 2885 et
2318 2819 2565 2883 consub-

423 2900 716 2968 stantiale
759 2901 1124 2966 divinitate.
1209 2900 1391 2967 Nihil
1452 2901 1753 2967 omisisset
1808 2922 1877 2966 ex
1923 2902 2034 2980 iis,
2094 2920 2251 2987 quae
2304 2900 2568 2965 decrevit
2646 2922 2654 2929 ·

419 2982 856 3049 Constantinus
900 2994 1103 3047 contra
1147 2980 1464 3049 nonnullos
1508 2982 1881 3049 refractarios
1908 3025 1929 3055 .
1972 2984 2033 3051 in
2079 3002 2331 3067 quorum
2360 3000 2568 3045 nume·

423 3082 495 3129 ro
533 3063 716 3130 ambo
759 3062 1004 3156 Eusebii
1047 3059 1322 3145 fuerunt,
1387 3063 1491 3159 qui
1558 3084 1745 3142 poena
1788 3086 1823 3129 a
1864 3063 2275 3130 Constantino
2335 3059 2565 3129 sancita

423 3144 673 3225 territi,
711 3163 1036 3225 aegerrime
1095 3166 1296 3212 sacrae
1338 3144 1426 3212 illt
1469 3144 1716 3227 Synodo
1755 3144 2261 3227 subscripserunt.
2304 3144 2565 3209 Narras-

424 3242 516 3291 set
553 3228 702 3311 quin
744 3226 973 3306 etiam,
1016 3246 1137 3290 non
1179 3228 1305 3292 sine
1347 3226 1523 3293 laude
1542 3226 1925 3293 Constantini
1960 3274 1981 3305 ‚
2020 3226 2150 3305 eius
2193 3224 2355 3304 iussu
2396 3244 2565 3292 com·

427 3308 598 3375 busta
643 3305 820 3375 fuisse
858 3328 992 3372 cum
1039 3307 1360 3389 Porphyrii
1405 3308 1709 3390 Operibus
1748 3307 1887 3376 Arii
1930 3308 2163 3387 Scripta
2190 3351 2213 3387 ,
2270 3324 2332 3373 et
2377 3308 2567 3374 Aria-

427 3408 536 3454 nos
563 3435 585 3467 ,
648 3408 798 3473 quos
841 3388 1280 3457 Constantinus
1323 3386 1755 3475 Porphyrt'aenos
1790 3388 2153 3482 appellabat·
2178 3436 2200 3469 ,
2256 3386 2361 3473 qui
2422 3388 2564 3455 sub-

429 3468 680 3537 scribere
716 3467 983 3535 delinitis
1023 3472 1086 3539 in
1131 3470 1421 3540 Concilio
1464 3488 1845 3549 recusarunt,
1885 3470 2095 3537 missos
2136 3486 2197 3536 tn
2242 3466 2561 3551 exsilium,

427 3572 508 3618 ne
565 3549 928 3631 simplicium
991 3570 1226 3618 mentes
1285 3555 1406 3619 suis
1445 3552 1744 3621 erroribus
1812 3550 2153 3619 inficerent.
2218 3550 2449 3619 Verum
2490 3550 2567 3616 de

428 3630 523 3698 his
579 3652 654 3698 ne
696 3631 942 3697 verbum
984 3634 1226 3717 quidem
1270 3634 1328 3699 in
1371 3631 1515 3701 Vita
1552 3629 1977 3713 Constantini,
2020 3652 2079 3698 et
2128 3634 2188 3697 in
2229 3654 2297 3697 ea
2344 3632 2567 3713 parcis·

305 3760 311 3767 -
432 3714 580 3779 sime
617 3714 692 3780 de
733 3710 998 3779 Nicaena
1039 3715 1282 3797 Synodo
1314 3712 1630 3803 loquitur,
1678 3716 1735 3781 in
1779 3737 1898 3801 qua
1938 3712 2179 3798 aliquot
2216 3732 2391 3795 supra
2421 3732 2565 3781 τοο.

423 3794 642 3865 ‘Patres
680 3794 889 3866 sedisse
915 3814 1183 3882 -natrat3
1242 3816 1382 3873 cum
1417 3813 1653 3875 constet
1670 3840 1701 3881 ‚
1730 3818 1914 3885 supra
1951 3815 2104 3885 300.
2142 3790 2567 3943 eidcmfiipstfr·
