2985 4387
665 283 776 362 ⁷54
1576 269 1647 338 C
1728 268 1765 336 1

590 377 783 445 -fuisse
824 375 1024 460 colligi
1047 387 1272 460 'potest
1309 395 1382 444 ex
1425 373 1531 444 M.
1570 374 1781 444 Tullii
1838 387 2033 442 taceto
2093 373 2298 446 dicto.
2380 375 2565 446 Cim
2588 377 2753 448 enim

603 458 865 528 Tullius
911 459 1143 524 vidisset
1185 456 1386 550 fratris
1445 459 1689 550 bustum
1749 477 1895 552 pene
1932 457 2339 539 Gigamaeum
2380 459 2683 543 depictum
2722 509 2750 550 ‚

607 544 802 608 dixtine
849 548 1061 608 Frater·
1099 553 1266 605 meus
1305 537 1605 606 dtmadr'us
1635 562 1831 622 masor
1866 555 1999 618 est,
2022 561 2222 622 -qum
2266 555 2469 609 totus.
2512 541 2747 612 Utrum

451 685 468 705 ,
599 626 824 691 dictum
903 623 1017 690 hoc
1058 624 1136 688 sit
1178 622 1339 688 inter
1399 619 1613 716 frigida
1672 623 1830 686 dicta
1876 621 2191 688 Cice-mnis
2250 621 2751 692 numerandum?

599 707 818 773 Lector
863 703 1142 784 dijudicet
1166 751 1187 773 .
1237 705 1609 784 Proscriptus
1646 723 1683 766 a
1724 701 2194 782 Triumviratu‚
2238 703 2349 772 M.
2414 707 2570 772 Ant.
2608 725 2755 788 ope-

597 807 662 852 ra
686 831 709 865 ‚
749 787 972 854 occisus
1013 808 1147 852 cum
1191 783 1323 851 filio
1365 783 1482 850 fuit
1520 783 1725 849 eodem
1769 782 1889 848 fere
1917 803 2245 878 tempore,
2282 803 2411 870 quo
2452 785 2756 866 Tullius,
2792 855 2799 862 ,

575 870 695 936 sed
740 869 1078 962 indiverso
1120 869 1255 936 loco
1297 865 1567 933 Romam
1606 865 1869 944 rediens,
1915 867 2205 944 indicatus
2244 867 2325 935 ab
2366 864 2565 934 infidis
2622 889 2753 936 ser-

599 970 692 1016 vis
734 969 892 1015 suis.
1065 971 1070 978 ·
1903 974 1910 983 ·
2354 996 2365 1006 -

673 1031 876 1098 cicero
911 1033 938 1110 (
969 1033 1088 1110 L.)
1129 1030 1310 1098 frater
1349 1028 1452 1097 Μ.
1496 1025 1746 1111 Tullii,
1786 1045 1849 1094 et
1891 1025 2525 1112 Quinti'Ciceroniss
2590 1027 2748 1108 Eius

575 1131 855 1181 mortem
894 1113 1222 1196 aegerrime
1261 1109 1402 1179 tulit
1444 1110 1551 1178 M.
1596 1109 1753 1178 Tul.
1792 1128 1859 1177 ut
1898 1126 2133 1176 constat
2174 1131 2251 1180 ex
2294 1119 2407 1196 Ep.
2422 1133 2490 1194 4.
2531 1107 2644 1180 lib.
2679 1135 2735 1179 1.

575 1196 672 1262 *ad
721 1197 886 1262 Atta
909 1196 967 1260 in
1011 1217 1128 1282 qua
1183 1213 1486 1262 mortuum
1533 1193 1774 1259 laudat.
2756 1207 2765 1218 ·

573 1303 582 1314 ·
621 1307 630 1316 ·
669 1273 868 1342 Cicero
907 1277 1102 1361 (Q.)
1143 1275 1304 1342 filius
1349 1277 1455 1360 Q'
1484 1273 1715 1342 Fratris
1760 1271 2113 1340 Ciceronis,
2152 1273 2255 1340 De
2297 1271 2425 1352 ejus
2468 1273 2706 1356 inge-nio

589 1373 655 1422 et
695 1357 964 1452 moribus
1003 1359 1230 1428 dictum
1275 1375 1377 1449 est·
1403 1378 1577 1438 supra
1625 1401 1648 1436 ,
1712 1355 1814 1421 ubi
1870 1355 1947 1420 de
2004 1352 2132 1433 ejus
2172 1373 2401 1450 patruo·
2434 1355 2541 1422 Μ.
2586 1319 2751 1425 Tus:

582 1438 1020 1506 Acerbisstmas
1059 1438 1296 1522 scripsit
1327 1437 1565 1504 litteras
1607 1437 1680 1503 ad
1728 1437 2016 1518 Patrem,
2055 1457 2191 1502 cum
2236 1435 2557 1525 Aquiliam
2600 1460 2754 1507 uxo·

583 1539 708 1584 rem
752 1521 960 1586 ducere
1003 1521 1062 1587 in
1107 1523 1308 1586 animo
1351 1519 1647 1599 babebat,
1694 1537 1759 1585 ut
1804 1518 2031 1584 dictum
2072 1535 2207 1586 est.
2251 1519 2325 1585 In
2368 1515 2563 1602 Epist.
2604 1520 2749 1586 Cic.

583 1603 661 1667 ad
703 1600 846 1670 Att.
889 1620 1209 1668 narrantur
1251 1600 1557 1688 colloquia
1602 1601 1759 1666 inter
1796 1621 1934 1666 eum
1959 1644 1983 1678 ‚
2022 1616 2083 1665 et
2128 1617 2448 1684 patruum,
2490 1602 2746 1685 etqui—

567 1683 693 1749 bus
737 1681 1091 1765 intelligitur
1133 1686 1186 1750 ei
1232 1688 1449 1751 iratum
1476 1731 1497 1766 ,
1524 1699 1597 1750 -et
1640 1679 1977 1762 Tullium,
2015 1681 2421 1760 etAtticum‚
2460 1703 2534 1750 eo
2578 1683 2743 1768 quod

576 1782 786 1831 contra
832 1786 1039 1834 eorum
1081 1765 1663 1849 placitum-uxorem
1701 1764 1925 1830 ducere·
1954 1763 2293 1829 statuisset.
2354 1763 2453 1831 Ex
2516 1764 2740 1832 eisdem

567 1842 905 1928 'colloquiis
945 1846 1317 1931 dignoscitur
1363 1890 1384 1924 ‚
1451 1867 1587 1914 eum
1628 1846 1885 1910 caruisse
1928 1846 2179 1926 pecunia
2222 1845 2295 1908 ad
2340 1844 2454 1910 iter
2497 1881 2520 1927 ‚-
2582 1847 2746 1932 quod

578 1925 768 1993 facere
807 1927 1140 1995 instituerat
1181 1951 1198 1994 ε
1266 1927 1507 1993 forsitan
1568 1928 1645 1991 ad
1704 1925 1989 1992 Caesaris
2028 1925 2391 2015 exercitum.
2455 1927 2611 1994 Sunt
2650 1947 2743 1994 et-

581 2008 710 2075 iam
751 2009 808 2074 in
853 2008 1149 2093 Epis-totis
1187 2012 1260 2074 ad
1311 2005 1709 2090 Att.aliquot
1736 2005 2070 2080 fragmenta
2112 2014 2309 2091 Epist.
2354 2009 2447 2089 Q.
2490 2007 2604 2076 filii
2659 2010 2747 2076 ad

577 2111 812 2174 patrem
834 2095 1188 2239 Mintfgrfie
1218 2090 1400 2237 desid.
1459 2107 1525 2235 gt
1586 2089 1769 2234 etg'am
1812 2084 2063 2166 Oratio,
2124 2107 2309 2176 quam
2344 2107 2577 2157 :contra
2634 2111 2747 2175 pa-

585 2193 788 2239 truum
921 2220 939 2238 .
1062 2196 1097 2237 u
1155 2193 1277 2237 ium
1345 2192 1452 2237 ucu
1498 2191 1626 2235 rara
1678 2216 1699 2237 .
1996 2222 2005 2229 .
2632 2229 2641 2238 .

657 2252 975 2319 Cict'cenna
1019 2259 1047 2330 (
1088 2252 1250 2319 Salla
1296 2254 1334 2332 )’
1365 2254 1563 2333 magni
1586 2250 1847 2318 nominis
1886 2248 2160 2330 piatrix,
2202 2250 2261 2317 in
2302 2252 2599 2336 pingendo
2638 2272 2746 2319 ve-

575 2334 924 2417 locissima,
967 2356 1089 2419 quo
1130 2346 1372 2417 magnas
1413 2332 1746 2399 cumulavit
1786 2334 2068 2402 divitias.
2112 2335 2265 2417 Ejus·
2290 2336 2559 2415 picturae
2603 2335 2743 2419 plu-

566 2417 655 2481 ris
679 2416 1089 2563 ¹emebantur,
1131 2434 1317 2500 quam
1348 2415 1651 2484 aliorum.
1693 2413 1932 2482 Verum
1973 2413 2131 2480 solas
2156 2416 2507 2499 depingebat
2532 2418 2741 2500 Deas,

571 2512 639 2564 et
706 2518 1012 2563 neminas.
1227 2513 1236 2522 ”

651 2574 940 2647 Cincius.
1023 2576 1228 2656 Huius
1269 2574 1382 2646 lib.
1425 2596 1485 2661 3.
1550 2576 1628 2643 de
1682 2600 1747 2645 re
1804 2574 2085 2643 Militari
2144 2576 2365 2644 citatur
2423 2598 2457 2641 a
2522 2577 2742 2649 Gellio

567 2656 682 2725 m.
727 2669 821 2729 16.
866 2684 916 2727 c.
958 2681 1022 2742 4.
1071 2660 1146 2725 In
1198 2661 1364 2726 dicto
1415 2658 1527 2727 tib.
1558 2660 1857 2738 legebatur
1899 2657 2159 2727 formula
2186 2704 2207 2738 ‚
2248 2680 2368 2744 qua
2416 2660 2677 2727 Feciales
2699 2692 2747 2743 ,·

561 2742 998 2811 Romanorum
1065 2742 1308 2808 nornine
1345 2787 1368 2822 ,
1443 2738 1667 2808 bellum
1728 2741 2061 2807 indicebant
2131 2740 2361 2825 populo
2426 2742 2737 2811 Hermun-

563 2822 756 2901 dulo,
797 2825 900 2910 qui
948 2822 1200 2905 populus
1253 2843 1454 2916 prope
1508 2821 1793 2891 Rhenum
1864 2824 1926 2888 in
1966 2824 2295 2891 Germania
2336 2842 2504 2890 erat.
2549 2822 2736 2891 Cita-

567 2922 669 2972 tur
711 2906 860 2971 item
900 2926 936 2969 a
981 2904 1196 2970 Gellio
1237 2926 1362 2985 ejus
1407 2904 1524 2972 tib.
1567 2922 1623 2991 5.
1665 2950 1691 2983 ,
1722 2904 1805 2970 -in
1846 2926 1971 2992 quo
2035 2904 2394 2973 referebatur
2432 2904 2731 2973 Militum

567 2986 844 3062 Roman.
905 2985 1308 3068 juramentum
1368 2988 1442 3053 de
1505 2986 1857 3055 abstinendo
1899 2987 1977 3053 ab
2020 2986 2291 3065 iniuriis,
2334 3006 2397 3055 et
2436 2988 2667 3069 rapinis
2706 3033 2733 3069 ‚

567 3076 704 3134 cum
767 3072 882 3135 iter
921 3088 1201 3150 agerent,
1247 3088 1313 3135 ut
1355 3070 1543 3135 etiam
1588 3068 1921 3151 Juramenti
1977 3066 2243 3136 formula
2286 3068 2361 3137 de
2398 3090 2519 3135 non
2558 3069 2729 3137 dese-

539 3150 748 3214 ·rendo
807 3152 1068 3217 exercitu
1119 3194 1140 3229 ‚
1203 3150 1316 3217 nisi
1375 3149 1458 3215 ob
1499 3172 1689 3217 certas
1729 3170 1957 3216 caussas
2000 3197 2022 3232 ,
2082 3150 2301 3215 ibidem
2358 3150 2663 3231 expositas
2700 3196 2725 3218 .

567 3228 735 3313 Vide
799 3230 1198 3297 Hermunduli
1260 3234 1316 3297 in
1377 3238 1457 3301 H.
1500 3234 1681 3299 Hunc
1744 3227 2021 3297 Cincium
2066 3231 2345 3298 arbitror
2410 3232 2591 3299 finisse
2650 3238 2765 3301 P.-

563 3306 849 3376 Cr‘ncium
897 3310 1270 3379 alimentum
1313 3356 1335 3389 ‚
1433 3312 1564 3379 sive
1602 3309 1980 3393 filimerem,
2052 3313 2349 3399 Equitem
2413 3314 2609 3381 Rom.
2642 3315 2731 3383 ab
2782 3360 2789 3367 ·

565 3390 914 3461 Hannibale
962 3413 1249 3473 captum,
1287 3414 1426 3459 cum
1473 3396 1553 3462 ab
1598 3394 1893 3477 Hispania
1918 3394 2187 3463 Romam
2231 3396 2495 3475 rediret,
2522 3415 2723 3480 :qoem

559 3474 714 3537 ‘citat
759 3474 966 3541 Livius
1012 3521 1033 3554 ,
1104 3476 1176 3539 de
1211 3495 1293 3539 eo
1330 3496 1575 3541 narrans
1622 3518 1645 3555 ,
1692 3474 1997 3541 audivisse
2054 3496 2127 3542 ex
2190 3474 2551 3545 Hannibalis
2612 3499 2726 3547 οη

561 3573 894 3703 ῗὲἓῗέἓωῑέ
900 3552 2107 3725 ⁶affl³²¹333231³3¹¹¹313233²2¹qu²ss⁰⁸
2167 3556 2529 3719 {eff-mm
2520 3579 2726 3712 ¹:⁹2}

559 3720 737 3787 missa
763 3765 782 3785 o
1992 3758 1999 3769 ·
2092 3681 2119 3721 ’
2308 3750 2318 3759 '
2578 3750 2587 3779 ¹.

561 3827 575 3841 ν
645 3796 846 3871 cinna
886 3846 911 3883 ,
969 3797 1173 3885 syllae
1201 3844 1227 3884 ,
1287 3818 1352 3875 et
1393 3800 1595 3875 Marii
1634 3800 2012 3889 temporibus
2054 3799 2180 3871 w.
2226 3798 2467 3885 Consul
2490 3852 2513 3873 .
2574 3801 2725 3875 Fuit

649 3908 664 3923 ⁶
2501 3903 2639 3955 snm·
