2985 4387
1443 205 1480 246 l

523 376 542 405 χ
582 305 712 393 ,ᾰὸ
1226 384 1236 392 ,
1510 293 1581 366 Α
1621 295 1693 364 U
1898 389 1907 400 .

550 400 873 486 {agennum
911 419 1324 484 agnoscentem
1344 445 1366 482 ,
1405 422 1795 469 successorem
1838 420 1974 482 eum
2016 399 2351 490 des‘ign'asse
2372 447 2393 483 ,
2452 419 2521 473 ut
2562 425 2691 476 tna..

550 483 643 564 ius
683 486 774 552 sui
813 485 1162 550 desiderium
1193 532 1214 566 ,
1256 503 1537 564 regnante
1562 485 1827 552 Tiberio
1852 529 1875 562 ‚
1932 487 2089 568 apud
2162 487 2475 554 Romanos
2532 489 2694 557 exci-

543 583 742 634 taret.
821 567 1224 643 Suspicionem
1267 589 1434 631 suam
1474 563 1753 632 fundabat
1800 563 2040 632 forsitan
2084 567 2341 641 Tacitus
2405 571 2466 635 in
2508 565 2695 636 codis

552 645 722 716 ciuis
765 643 1030 730 Augusti
1068 647 1142 712 ad
1189 647 1425 716 Liviam
1467 649 1541 712 de
1584 647 1958 713 intolerantia
1984 695 2005 730 ,
2065 669 2128 714 et
2192 651 2515 716 acerbitate
2558 643 2698 718 mc>³

550 750 686 798 rum
731 727 1028 808 Tiberii,
1068 751 1222 814 quos
1261 751 1295 794 e
1337 730 1595 798 sacrario
1637 727 1886 808 protulit
1911 771 1933 806 ,
1970 748 2029 794 et
2055 729 2326 798 recitavit
2350 733 2525 796 Livia
2550 753 2698 812 con?

553 829 646 876 tra
693 809 1022 879 Tiberium
1051 855 1074 889 ‚
1117 811 1464 892 indignata,
1508 813 1668 893 quod
1716 831 1924 890 parum
1966 829 2209 892 gratu8‚
2270 833 2332 879 et
2390 811 2695 886 officiosus

549 893 615 958 in
659 914 795 959 eam
837 911 1034 971 esset,
1074 911 1410 976 parumque
1449 911 1722 958 amanter
1764 911 2004 982 cumfia
2035 936 2059 969 ‚
2120 895 2215 960 cui
2276 897 2475 960 omnia
2518 894 2699 958 debe·

549 975 698 1054 bat,
739 993 804 1040 se
841 993 1112 1056 gereret.
1197 974 1358 1040 Vide
1397 971 1561 1039 Suet.
1612 973 1672 1036 in
1706 968 1957 1038 'Tr’bmo
1993 996 2047 1039 c.
2072 994 2169 1058 51.
2214 973 2436 1046 Filiam
2481 973 2694 1042 habuit

553 1053 782 1138 Iuliam
811 1099 834 1136 ‚
871 1054 1176 1121 adulteriis
1217 1057 1337 1122 suis
1380 1055 1660 1122 infamem
1686 1101 1705 1136 ,
1774 1052 2061 1130 uameius
2080 1055 2202 1122 filia
2228 1101 2249 1135 ,
2288 1057 2445 1136 Julia
2470 1056 2698 1135 minor,

548 1139 787 1204 imitata
829 1155 916 1202 est
959 1138 1255 1219 impudica
1303 1137 1425 1208 vita
1457 1160 1603 1207 sua.
1630 1076 1864 1206 Am‘bas
1908 1134 2189 1218 relegavit
2234 1141 2294 1203 in
2319 1136 2610 1214 Insulam,
2631 1155 2698 1202 et

547 1222 693 1285 duas
740 1219 1001 1285 vomicas
1043 1218 1422 1301 appellabat.
1465 1217 1680 1283 Filiam
1701 1215 2027 1302 praefatam
2052 1219 2365 1304 Agrippae
2402 1236 2649 1300 nuptam
2672 1261 2697 1297 ‚

545 1298 830 1368 omnibus
871 1300 1102 1395 probris
1128 1299 1601 1366 contaminatam
1662 1319 1867 1365 necare
1922 1301 2213 1380 cogitavit
2258 1347 2279 1366 .
2364 1298 2697 1380 Relegatae

549 1402 727 1449 usum
769 1382 944 1459 vini,
983 1399 1044 1446 et
1085 1401 1328 1446 omnem
1375 1379 1781 1455 delicatiorem
1838 1379 2068 1447 cultum
2130 1381 2355 1448 ademit
2386 1429 2408 1464 ‚
2470 1383 2697 1446 vetuit-

547 1483 724 1547 queg
749 1482 825 1531 ne
864 1461 1044 1546 quis,
1081 1483 1142 1528 se
1187 1463 1410 1544 inscio,
1450 1484 1585 1530 eam
1626 1463 1964 1534 conveniret
2071 1485 2177 1529 nec
2222 1485 2257 1528 a
2299 1463 2565 1540 Senam,
2635 1461 2699 1532 id

553 1553 694 1610 e‘um
737 1559 982 1624 rogante
1015 1543 1304 1623 ‚adduci
1367 1545 1566 1628 potuit
1602 1587 1625 1623 ,
1684 1563 1749 1610 ut
1814 1565 1950 1610 eam
1991 1509 2265 1612 hornam
2312 1557 2631 1610 ‘revocaret
2672 1591 2699 1614 .

543 1627 704 1694 Prae
745 1625 968 1708 pudore
1004 1626 1108 1692 diu
1151 1635 1463 1708 congressu
1505 1625 1825 1693 hominum
1864 1625 2155 1692 abstinuit
2181 1674 2199 1693 .
2280 1623 2582 1694 Infantem
2622 1634 2701 1690 eit

545 1717 730 1790 nepte
773 1725 988 1774 natum
1031 1725 1168 1789 post
1205 1709 1556 1776 damnatam
1594 1728 1731 1773 eam
1770 1705 1846 1776 ad
1886 1703 2211 1784 exsilium,
2274 1708 2511 1788 agnosci
2553 1753 2574 1783 ,
2634 1709 2705 1773 e‘t

543 1788 628 1857 ali
673 1788 904 1869 vetuit,
945 1789 1095 1856 adeo
1137 1789 1322 1858 iratus
1363 1790 1424 1856 in
1473 1807 1714 1872 neptem
1784 1805 1913 1852 erat
1959 1835 1981 1858 .
2064 1787 2461 1861 felicissimus
2522 1785 2699 1855 Prin‘·

541 1881 678 1955 ceps
717 1867 927 1937 suisset
968 1877 1317 1954 Augustus,
1361 1871 1408 1938 si
1448 1893 1628 1950 eum,
1669 1887 1728 1935 et
1772 1866 2042 1948 laetum,
2083 1889 2143 1934 et
2184 1869 2467 1936 fidentem
2497 1916 2518 1949 ,
2562 1885 2699 1936 tum

547 1953 614 2021 in
661 1952 908 2033 sobole,
955 1970 1088 2021 tum
1133 1953 1193 2018 in
1232 1949 1543 2048 disciplina
1582 1951 1797 2020 domus
1842 1996 1867 2042 ‚
1922 1946 2161 2021 fortuna
2232 1973 2353 2018 non
2392 1949 2703 2019 destituis-

544 2051 679 2101 set.
761 2032 1110 2120 Aliquanto
1155 2034 1478 2114 patientius
1520 2031 1661 2098 tulit
1692 2031 1903 2113 Lucii,
1941 2047 2003 2096 et
2022 2031 2168 2097 Caii
2212 2047 2503 2116 nepotum
2532 2051 2703 2102 mor-

543 2133 670 2182 tem
701 2161 723 2198 ,
763 2136 916 2197 quos
959 2114 1112 2180 intra
1153 2113 1568 2195 duodeviginti
1630 2131 1854 2178 menses
1915 2112 2121 2181 amisit
2158 2161 2180 2197 ,
2244 2133 2430 2199 quam
2487 2113 2705 2182 domus

539 2216 684 2265 suae
740 2197 1022 2266 dedecora
1081 2196 1168 2261 ob
1207 2196 1442 2276 filiam,
1483 2214 1545 2261 et
1585 2214 1822 2277 neptem
1866 2193 2233 2277 impudicas.
2317 2197 2466 2265 Sero
2486 2196 2701 2265 didicit

540 2286 878 2361 Augustus,
915 2276 980 2343 in
1019 2274 1292 2347 filiorum
1327 2277 1677 2367 educatione
1720 2275 1851 2359 plus
1893 2274 2101 2360 profici
2142 2277 2462 2359 exemplo,
2503 2296 2695 2362 quarn

543 2358 921 2442 praeceptis.
1005 2358 1144 2437 Ipse
1182 2380 1442 2443 namque
1485 2363 1549 2424 in
1616 2375 1855 2437 juventa
1888 2402 1911 2437 ,
1970 2378 2031 2423 et
2095 2358 2256 2425 virili
2320 2376 2519 2426 aetate
2576 2376 2695 2423 non

543 2439 724 2513 valde,
763 2438 1007 2521 pudicus
1051 2436 1212 2523 fuit,
1271 2442 1318 2506 si
1365 2442 1470 2509 M.
1513 2443 1671 2508 Ant.
1716 2438 2129 2519 Triumviro,
2166 2440 2291 2517 eins
2330 2438 2485 2508 olim
2542 2440 2702 2505 ami-

541 2540 664 2601 co,
700 2537 761 2585 et
799 2518 959 2585 affini
1010 2519 1149 2587 fides
1189 2521 1561 2589 adhibenda.
1651 2515 1807 2584 Vide
1845 2521 2006 2596 Suet,
2048 2522 2109 2587 in
2152 2532 2420 2605 Augusto
2478 2540 2519 2587 a
2560 2540 2699 2601 cap.

539 2608 646 2687 65.
691 2600 1113 2668 Nihilominus
1159 2602 1345 2683 legem
1388 2602 1555 2681 tulit,
1578 2598 1825 2689 Juliam
1864 2603 2113 2685 dictam,
2136 2622 2343 2673 contra
2364 2600 2651 2669 adulteria
2674 2622 2697 2673 3

541 2702 664 2768 qua
707 2682 837 2765 lege
873 2683 1300 2763 comprehendi
1347 2688 1556 2754 volunt
1600 2680 2013 2763 jurisconsulti
2062 2706 2275 2765 poenas
2316 2701 2528 2751 contra
2591 2704 2699 2747 va-

545 2766 634 2830 ria
678 2763 994 2834 libidinum
1033 2784 1248 2847 genera
1273 2814 1295 2849 ‚
1332 2784 1392 2833 et
1429 2782 1631 2833 contra
1678 2786 1978 2836 suasores,
2024 2768 2165 2835 Hae
2208 2784 2410 2832 autem
2470 2782 2700 2844 poenae

541 2846 816 2913 mitiores
855 2864 1022 2911 erant
1065 2848 1180 2926 iis,
1233 2870 1391 2935 quae
1441 2868 1536 2919 12.
1582 2846 1968 2914 Tabularum
2013 2846 2242 2928 legibus
2298 2846 2574 2917 decreta&
2632 2864 2700 2909 e-

540 2934 676 2994 rant
707 2951 732 3011 ς
771 2927 849 2993 ad
889 2927 1081 2999 solam
1119 2930 1280 2995 enim
1323 2928 1742 3010 relegationem
1787 2928 1879 2995 vel
1920 2926 2444 3013 deportationem,
2480 2942 2543 2991 et
2586 2926 2698 2992 bo-

539 3031 762 3077 norum
791 3006 1076 3077 'fortunae
1115 3012 1499 3079 amissionem
1544 3011 1961 3093 redigebantur
1986 3055 2009 3090 ,
2068 3030 2208 3077 cum
2246 3007 2407 3077 olim
2446 3020 2691 3089 possent

537 3086 606 3155 in
643 3087 940 3157 adulterio
979 3091 1328 3172 deprehensi
1373 3115 1406 3158 a
1454 3092 1741 3171 Marito,
1778 3110 1840 3157 et
1884 3090 2185 3158 adulterae
2222 3090 2404 3157 Patre
2446 3088 2691 3172 propria

539 3171 898 3238 auctoritate
931 3173 1173 3241 occidi.
1260 3173 1362 3241 Ex
1401 3174 1776 3241 testamentis
1830 3173 2167 3240 amicorum
2210 3172 2532 3238 immensas
2591 3190 2696 3237 cu-

535 3251 796 3319 mulavit
857 3252 1098 3319 divitias
1127 3297 1150 3332 ‚
1189 3272 1336 3335 quas
1379 3274 1637 3321 recenset
1683 3252 2031 3337 Nieupoort
2117 3251 2218 3321 ubi
2259 3254 2334 3318 de
2373 3245 2682 3331 Divitiis,

535 3349 598 3395 et
637 3341 810 3400 Luxu
852 3340 1103 3403 Roman.
1149 3334 1443 3418 Virgilius
1502 3356 1713 3421 parum
1754 3353 1897 3423 apte
1934 3301 2203 3409 laudavit
2260 3342 2605 3419 Augustum
2650 3377 2677 3413 ,

535 3412 614 3481 de
651 3434 726 3480 eo
763 3434 1013 3485 canens:
1383 3460 1394 3471 ·

1195 3502 1277 3563 Et
1317 3512 1375 3562 te
1415 3494 1674 3563 maxime
1707 3506 1937 3566 Caesar
1955 3542 1979 3579 ,

699 3572 839 3660 ,Qui
880 3600 1032 3642 nunc
1067 3575 1347 3672 extremis
1383 3578 1572 3649 Asiae
1607 3579 1741 3661 iam
1782 3578 1975 3647 victor
2008 3578 2095 3651 ab
2126 3576 2250 3647 oris
2267 3626 2291 3665 ,

703 3659 1012 3725 Imbellem
1049 3678 1284 3727 avertes
1325 3667 1614 3727 Romanis
1656 3658 1891 3729 arcibus
1931 3662 2149 3729 Indum
2175 3710 2198 3732 .

541 3736 709 3806 Illud
747 3740 1042 3823 singulare
1081 3743 1148 3809 in
1205 3738 1476 3825 Augusti
1536 3740 1723 3811 oculis
1748 3792 1769 3825 ‚
1815 3744 1965 3813 adeo
2002 3764 2220 3841 nempe
2276 3738 2457 3812 fuisse
2493 3734 2695 3824 splen:

533 3820 707 3891 didos
722 3868 748 3907 ,
787 3840 858 3893 nt
895 3842 1109 3894 eorum
1145 3820 1377 3909 fulgore
1412 3842 1647 3910 cogeret
1688 3824 1925 3897 vultum
1960 3824 2315 3897 submittere
2352 3844 2457 3893 eos
2473 3840 2699 3971 ,ignee
