2985 4387
616 306 839 485 conffn
878 404 1051 457 snum
1090 378 1243 482 *¹9³9
1272 382 1606 454 ministerio
1647 384 2004 453 destinavit.
2047 386 2323 471 Uterque
2361 386 2472 456 sub
2507 384 2782 457 Diocle-

614 487 833 565 tiano,
874 488 933 563 et
975 466 1367 563 Maximiano
1408 468 1726 565 Irriperatt.
1766 488 1879 563 pro
1913 465 2030 533 fide
2107 490 2270 563 assus
2307 488 2394 535 est
2440 518 2489 563 .·
2533 471 2599 536 8.
2640 478 2780 564 lsa-

616 552 845 647 lqrius,
888 572 1009 626 iam
1052 570 1223 643 senex
1266 571 1330 615 in
1371 552 1581 616 exsilio
1621 566 1984 644 sanctissime
2021 570 2219 645 ομιτ.
2299 552 2361 617 S.
2405 550 2776 645 Vincentius

616 634 763 700 diris
800 646 1117 699 tormentis
1159 650 1272 713 pro
1308 628 1425 697 fide
1464 630 1776 709 toleraris,
1838 629 2158 697 Valentiae
2213 650 2490 713 martyrii
2551 631 2776 711 palma

610 729 859 780 ornatus
896 710 1172 804 occubuit
1202 756 1227 793 ,
1268 710 1471 781 multis
1513 712 1814 779 miraculis
1855 734 1892 776 a
1937 712 2076 804 Deo
2117 714 2424 793 insignitus
2455 760 2478 779 .
2535 714 2600 779 S.
2639 722 2776 779 Va-

612 790 814 888 lerius·
862 792 1151 863 Concilio
1214 792 1598 864 Eliberitano
1657 815 1756 859 an.
1797 792 2034 859 Christi
2075 812 2218 881 305.
2257 794 2564 862 celebrato
2617 793 2776 859 sub-

606 892 945 1040 serg-udas
983 956 1163 1035 (C.)
1204 952 1541 1051 eruditione
1579 954 1921 1037 spectabilis
1947 1001 1968 1035 ‚
2010 972 2142 1049 post
2165 954 2472 1053 Catonem
2513 955 2588 1021 de
2606 954 2772 1023 Vir·

606 1052 737 1137 tute
777 1038 1090 1135 herbarum
1138 1038 1365 1103 medica
1386 1038 1667 1102 Volumen
1709 1034 1990 1129 affectum
2035 1036 2282 1122 reliquit
2337 1036 2648 1133 ‘inchoata
2667 1054 2770 1103 et-

608 1138 735 1189 iam
778 1121 1051 1201 religiosa
1092 1118 1169 1185 ad
1210 1119 1564 1201 Augustum
1605 1117 1984 1201 Praefatuone
2007 1164 2030 1186 .
2108 1116 2212 1185 Ita
2253 1082 2417 1189 P’lm.
2457 1125 2541 1189 H.
2584 1124 2672 1185 Ν.
2711 1117 2768 1186 t.

611 1219 718 1287 25.
756 1223 809 1269 c.
851 1221 941 1295 ²·.

1284 1316 2083 1393 C'oitozissaitiuu.

694 1438 999 1517 Variam.
1044 1440 1231 1511 Nihil
1272 1442 1586 1527 pulchrum
1658 1445 1906 1527 (ajebat
1949 1443 2364 1533 Quintilianus
2425 1444 2501 1509 de
2559 1443 2758 1509 varie-

614 1538 745 1591 tate
782 1526 843 1591 in
884 1524 1319 1608 compositione
1373 1532 1640 1597 oratoria
1685 1528 1979 1613 loquens)
2037 1527 2198 1611 quod
2237 1546 2360 1591 non
2403 1524 2592 1592 reficit
2635 1534 2758 1591 Va·
2807 1550 2820 1559 ·

614 1604 801 1675 rictas
824 1654 845 1674 .
934 1608 1033 1675 De
1070 1604 1365 1689 stylorum
1410 1609 1471 1674 in
1531 1612 1768 1693 scriptis
1809 1608 2110 1691 Operibus
2151 1608 2451 1674 Varietate
2489 1605 2613 1686 agit
2655 1606 2766 1671 Se·

618 1708 763 1757 neca
808 1690 867 1753 in
911 1710 1069 1769 una,
1108 1708 1170 1754 et
1208 1686 1397 1757 altera
1436 1710 1510 1757 ex
1553 1693 1675 1759 suis
1721 1691 2053 1772 Epistolis.
2097 1688 2372 1755 Romani
2417 1688 2766 1767 Imperato-

614 1790 719 1837 res.
746 1766 1021 1837 ludorum
1062 1812 1085 1848 ,
1144 1785 1207 1835 et
1265 1771 1736 1852 spectaculorum
1777 1770 2072 1837 Varietate
2113 1768 2404 1853 populum
2461 1766 2769 1835 oblectare

612 1850 928 1931 solebant,
992 1868 1062 1919 ut
1104 1850 1399 1933 patienter
1459 1858 1812 1921 servitutem
1881 1852 2107 1931 ferret,
2162 1868 2220 1915 et
2293 1870 2418 1917 non
2461 1849 2760 1939 cogitaret

614 1932 691 1999 de
732 1933 1123 2015 recuperanda
1166 1930 1485 1999 libertate.
1573 1936 1844 1999 Mundus
1901 1932 2134 1999 infinita
2195 1952 2388 1997 rerum
2453 1938 2762 1995 Varietate

610 2010 1043 2096 pulcherrimus
1082 2014 1320 2092 evadit,
1360 2031 1420 2078 et
1461 2034 1534 2080 ea
1575 2012 1704 2081 sole
1741 2014 1955 2081 clarius
1993 2013 2328 2079 ostenditur
2387 2032 2616 2079 summa
2662 2028 2762 2077 sa-

614 2096 845 2179 pientia
888 2092 1292 2171 Conditoris‚
1334 2095 1552 2163 adeout
1614 2114 1780 2162 mens
1825 2114 1932 2178 pei·
1997 2094 2208 2177 gradus
2277 2109 2688 2165 creaturarum
2733 2136 2757 2169 ,

496 2243 511 2264 ,
614 2197 869 2260 quarum
912 2195 1122 2257 genera
1169 2174 1497 2242 variissiina
1541 2198 1682 2244 sunt
1709 2225 1730 2259 ‚
1773 2197 1836 2243 et
1877 2174 1998 2244 alia
2046 2175 2180 2245 aliis
2245 2173 2592 2258 perfectiora
2619 2221 2640 2253 ,
2699 2190 2764 2240 et

661 2255 961 2322 ulchriora
1002 2253 1287 2322 facillime
1322 2258 1399 2322 ad
1442 2259 1644 2326 Deum
1685 2261 2158 2342 cognoscendum
2189 2301 2211 2334 ‚
2273 2255 2592 2322 amandum
2620 2298 2641 2334 ,
2699 2269 2764 2320 et

612 2275 1325 2431 raud-andumoascendere
1364 2341 1552 2420 possit
1572 2388 1595 2409 .
1637 2339 1798 2406 Vide
1831 2339 2031 2406 Card.
2073 2337 2506 2430 Bellarminum
2569 2337 2628 2402 in
2673 2335 2768 2401 in·

614 2434 916 2565 „3323
948 2437 1109 2592 {¹13¹
1114 2439 1219 2577 ¹3²⁰
1234 2420 1694 2595 υἷξέξξὲἒὶἵιξξ,
1709 2431 1990 2570 ’ἳῖξὶῗὲἔς
2011 2421 2366 2581 ’ἶέῗῖὐὲἑέ
2391 2423 2631 2565 ἲῗὲιῖ·
2654 2497 2763 2564 aa.

618 2601 721 2648 rus
751 2626 774 2647 .
856 2577 957 2645 Ita
997 2579 1134 2647 Cic.
1212 2601 1246 2645 e
1286 2582 1545 2648 Finibus
1581 2582 1693 2648 lib.
1743 2605 1798 2649 r.

704 2672 879 2730 Varro
916 2661 1053 2744 (Q.
1096 2661 1412 2743 Rubrius)
1454 2665 1684 2732 Orator
1723 2683 1856 2730 acer
1881 2679 1978 2743 ,et
2001 2661 2312 2730 vehemens
2359 2661 2694 2731 Accusator
2733 2707 2760 2741 ‚

618 2745 809 2892 fluiBa
849 2743 1072 2811 Senatu
1114 2743 1307 2810 hostis
1344 2765 1481 2812 cuin
1521 2745 1610 2813 C.
1651 2743 1866 2815 Mario
1909 2743 2197 2824 iudicatus
2235 2743 2398 2812 fuit.
2481 2743 2582 2808 Ita
2621 2739 2760 2810 Cic.

617 2845 683 2892 in
776 2839 942 2891 ruto.

699 2917 876 2974 Varro
917 2905 1040 2982 (P.
1070 2903 1400 2974 Terentius
1430 2907 1459 2984 )
1499 2904 1718 2975 librum
1757 2908 1942 2974 edidit
1983 2907 2058 2974 de
2097 2901 2352 2972 Ratione
2369 2899 2631 2970 habendi
2670 2909 2770 2968 Se-

615 3003 829 3055 natum
871 2987 945 3080 ad
988 3007 1263 3069 rogatum
1311 2987 1469 3055 CN.
1515 2991 1790 3074 Pompeii
1836 2991 1893 3056 in
1979 2991 2136 3056 rimo
2195 3009 2303 3056 suo
2367 2985 2710 3052 Consulatu
2742 3030 2765 3052 .

620 3069 791 3138 Eum
835 3067 1060 3135 librum
1103 3067 1335 3149 legebat
1380 3071 1602 3154 Pomp.
1645 3091 1704 3138 et
1751 3091 1922 3138 secun
1965 3093 2080 3140 uin,
2105 3091 2240 3136 euin
2261 3117 2283 3150 ‚
2327 3069 2614 3135 Senatum
2652 3063 2762 3155 ,ha-

620 3147 843 3217 bebai.
886 3149 1051 3216 Vide
1090 3147 1234 3217 Gel.
1278 3151 1325 3216 1.
1372 3171 1468 3232 14·
1509 3176 1560 3220 c.
1584 3175 1647 3234 7.
1691 3151 1866 3218 Liber
1903 3151 2044 3230 hic,
2106 3153 2246 3218 vivo
2287 3159 2585 3226 Varrone,
2649 3167 2768 3236 iani

620 3230 921 3311 perierat,
980 3249 1047 3296 ut
1087 3239 1261 3299 Varro
1302 3248 1552 3299 testatur
1595 3237 1656 3299 in
1697 3231 1892 3316 Epist.
1933 3233 2008 3299 ad
2047 3232 2154 3315 Op
2199 3232 2462 3298 inianum
2499 3277 2525 3298 .
2557 3275 2564 3282 -
2595 3226 2766 3294 Libri

619 3310 836 3377 titulus
876 3324 1043 3374 erat:
1086 3310 1562 3390 Commentarius
1601 3312 1940 3398 Isagogicus
1961 3357 1982 3391 ‚
2023 3331 2082 3378 et
2127 3317 2142 3378 i
2171 3313 2300 3381 lum
2339 3312 2484 3380 citat
2497 3320 2673 3379 Varro
2707 3309 2768 3375 in

628 3389 802 3458 libris
842 3387 1298 3473 Epistolicarum
1534 3395 1634 3461 De
1673 3418 1748 3462 eo
1789 3401 1852 3462 in
1893 3391 2225 3490 specimine
2263 3441 2284 3461 .

710 3471 1386 3567 Vqrus,'Pergaeus·P·
1415 3477 1475 3569 ’1.
1591 3477 1816 3542 uadrati
1893 3475 2219 3560 discipulus
2279 3522 2298 3542 .
2382 3471 2540 3569 Ejus
2599 3486 2765 3554 pater

628 3548 923 3619 Callicles
964 3571 1036 3618 ex
1078 3571 1504 3645 potentissimis
1599 3579 1946 3653 ergaeorum
1989 3575 2159 3625 erat.
2202 3557 2300 3623 Ita
2345 3554 2762 3644 Philostratus.

708 3633 1095 3726 §sarusffisive
1135 3643 1348 3700 Vanus
1388 3637 1788 3718 (Quintilius)
1833 3641 1954 3718 (de
1993 3659 2114 3725 quo
2154 3638 2274 3705 alia
2297 3636 2356 3702 iii
2399 3633 2766 3724 specimine)

632 3713 841 3805 Syriae
880 3710 993 3802 {uit
1036 3713 1414 3807 PraefectuS.
1457 3717 1624 3786 Vell.
1649 3721 1992 3789 paterculus
2029 3721 2104 3788 de
2143 3717 2343 3787 eo·ait
2381 3715 2762 3784 ahakim.

620 3803 873 3914 ‘Syriam
912 3793 1169 3867 divitem
1204 3815 1432 3883 pauper
1472 3797 1774 3887 ingressus
1789 3849 1812 3888 ,
1852 3801 2031 3874 dives
2059 3819 2380 3888 pauperem
2437 3793 2684 3946 reliqx’t
2699 3841 2730 3868 .
