2985 4387
1856 428 1865 439 ι
2152 371 2318 423 xm

728 443 824 635 o.
881 493 1372 610 MODERATI
1431 487 1913 616 ceusomm

406 713 730 818 ‘AD
889 723 2261 826 LECTOREM'

599 956 1006 1040 Art-nome.
1035 924 1400 1046 nomme
1443 953 2032 1014 ιιττειιᾼτυιιᾼε

895 1071 1332 1128 Nosce-,Noae
1374 1069 1719 1132 cosmum

769 1191 1859 1320 PRAEFATIQ'
2129 1198 2411 1325 ‘”„

229 1695 675 1870 Novum
719 1801 846 1874 tibi
887 1825 1034 1875 non
1078 1801 1350 1882 accidet
1376 1853 1400 1894 ‚
1451 1802 1701 1877 Lector
1745 1801 2051 1892 erudite,
2112 1807 2177 1874 si
2212 1806 2392 1880 forte

211 1893 358 1964 alia
401 1893 722 1963 Auctoris
765 1896 1005 1989 Opera
1050 1900 1124 1966 in
1165 1890 1501 1990 Hispania
1548 1939 1579 1985 ‚s
1640 1912 1711 1966 et
1760 1895 1949 1964 ltalia
1994 1893 2181 1965 edita
2218 1893 2395 1988 legi-

203 1989 294 2054 sti
340 2033 368 2068 ‚
427 1984 624 2076 quod
668 2001 788 2056 tua
837 2007 1029 2057 nunc
1091 2006 1322 2056 morer
1365 2003 1684 2080 tempora
1750 1989 1825 2056 in
1888 2005 2168 2056 scenam
2288 2009 2403 2057 ro-

205 2075 416 2146 diens
460 2090 710 2161 ornatu
755 2075 1028 2172 Prologi
1051 2125 1074 2166 ,
1119 2077 1293 2148 dum
1363 2077 1625 2148 Auctor
1693 2075 1924 2148 multis
1984 2009 2389 2150 nominssus

201 2164 392 2236 mihi
469 2166 1064 2261 conjunctissimus
1107 2171 1382 2243 Novum
1427 2167 1569 2241 hoc
1613 2167 1913 2240 Lexicon
1966 2171 2064 2245 ,in
2144 2167 2383 2241 lucem.

205 2258 428 2328 edere
468 2262 739 2345 statuit,
783 2264 1094 2331 virorum
1137 2260 1573 2331 eruditorum
1609 2310 1633 2347 ‚
1702 2278 1773 2331 et
1817 2256 2228 2330 criticorum
2275 2262 2383 2355 ju·-

203 2350 405 2421 dicio
470 2351 546 2417 in
597 2346 918 2421 Theatro
959 2348 1316 2423 Litterario
1381 2348 1559 2420 illud
1605 2368 1992 2443 exponens,
2080 2347 2385 2421 Functus

203 2456 523 2531 namque
569 2436 708 2507 hoc
755 2462 1042 2513 munere
1083 2462 1239 2511 sum
1287 2462 1430 2511 non
1474 2440 1729 2528 semel,
1774 2457 1852 2510 ut
1894 2440 2183 2510 Auctori
2226 2460 2389 2513 mo:

201 2552 365 2601 rem
407 2550 722 2623 gererem
767 2549 920 2625 post
965 2532 1199 2603 lectas·
1220 2532 1364 2625 ejus
1408 2532 1925 2621 lucubrationes
1944 2577 1965 2598 .
2011 2530 2251 2601 Paucis
2282 2532 2386 2601 ab·

199 2621 380 2691 hinc
426 2622 634 2697 annis
667 2619 1015 2693 Ferrariae
1059 2620 1314 2717 prodiit
1374 2622 1713 2712 Specimen
1757 2625 1987 2691 veteris
2032 2622 2379 2689 Romanae

205 2713 652 2784 Litus-arurae
693 2712 1056 2802 deperdttac
1088 2762 1113 2803 ,
1157 2715 1262 2783 νεὶ
1305 2714 1569 2783 latentis
1602 2762 1627 2803 ‚
1690 2718 1807 2783 cui
1865 2732 2055 2783 nunc
2100 2710 2398 2783 accedit.

207 2803 534 2899 ejusdem
591 2801 910 2891 Auctoris
965 2802 1266 2875 Lexicon
1314 2803 1405 2874 de
1466 2802 1609 2875 hoc
1674 2808 1829 2899 ipso
1895 2818 2305 2893 argumento
2348 2850 2376 2888 ‚

197 2893 338 2964 sed
379 2892 596 2967 valde
641 2893 915 2973 diversa
953 2942 980 2981 ‚
1041 2894 1205 2967 licet
1249 2893 1567 2990 ejusdem
1634 2896 1897 2986 saporis
1940 2895 2299 2961 continens
2346 2916 2371 2976 3
2408 2968 2415 2975 ‚

197 2984 391 3056 adeo
435 3003 514 3055 ut
559 2983 759 3076 Opus
799 2986 984 3057 istud
1040 2991 1124 3057 sit
1187 3008 1230 3054 a
1301 2982 1616 3078 praefato
1659 2986 2017 3073 Specimine
2082 2984 2374 3051 omnino

199 3072 566 3147 diversum
591 3124 615 3162 ‚
663 3080 1010 3169 possitque
1055 3076 1442 3166 Specimini's
1504 3076 1823 3141 Auctariu
1932 3120 1956 3159 ‚
2032 3092 2155 3140 seu
2200 3073 2373 3163 Sup-

185 3166 600 3257 plementum
665 3166 1036 3259 appellari.
1081 3167 1436 3256 specimini
1498 3162 1781 3257 praefixi
1887 3160 2299 3255 racfationem
2347 3215 2375 3253 ‚

193 3277 348 3348 qua
415 3256 482 3325 O
573 3260 664 3328 ris
719 3260 1130 3329 varietatem
1178 3304 1202 3344 ‚
1267 3272 1338 3326 et
1397 3252 1717 3325 Auctoris
1763 3252 2077 3327 laborem
2145 3258 2220 3321 in
2281 3277 2371 3327 eo

189 3366 462 3418 exaran
515 3372 561 3418 o
611 3347 998 3421 luculenter
1054 3350 1350 3440 exposui
1381 3395 1406 3432 .,
1469 3345 1992 3439 complanando
2032 3392 2059 3432 ‚
2118 3362 2187 3415 et
2246 3367 2370 3415 an-

161 3502 166 3505 .
201 3438 704 3530 oeoccupando
750 3486 774 3524 ‚
837 3458 1018 3530 quae
1051 3438 1167 3513 ,illi
1211 3436 1429 3531 Operi
1451 3436 1805 3530 -objectari
1852 3454 2205 3530 poterant.
2283 3436 2371 3512 Et

197 3532 533 3622 quamvis
578 3528 751 3597 inibi
797 3528 986 3599 dicta
1029 3526 1194 3599 huic
1241 3530 1444 3599 Novo
1487 3526 1744 3597 Lexico
1789 3532 2009 3621 aptari
2068 3544 2323 3618 queant
2348 3554 2369 3612 ;

195 3640 288 3691 ea
337 3623 808 3710 praetermitto
833 3666 858 3705 ‚
901 3640 992 3691 ne
1039 3617 1396 3691 crambem
1441 3640 1816 3711 recoquam
1840 3666 1863 3705 ,
1911 3635 1979 3687 et
2046 3638 2129 3685 ea
2176 3638 2369 3709 prae-

195 3714 486 3785 termitti
505 3758 528 3799 ‚
572 3715 628 3779 si
675 3710 1012 3781 nonnulla
1057 3714 1399 3805 excipiaS‚
1443 3707 1730 3787 Auctori
1754 3706 2013 3801 placuit
2034 3754 2057 3792 ‚
2102 3711 2266 3803 quia
2290 3712 2372 3777 in

191 3800 568 3893 specimine
611 3800 752 3895 legi
795 3818 1082 3896 possunt
1105 3848 1126 3871 .
1167 3800 1430 3871 Auctor
1461 3803 1648 3872 enim
1694 3801 1769 3869 in
1814 3804 2127 3873 animum
2172 3798 2375 3907 indu-

2051 3926 2063 3939 ·
2130 3906 2233 3963 xit
2250 3937 2277 3978 ‚
