2985 4387
383 383 444 472 §.
485 405 589 472 27.
633 383 802 472 Quid
842 385 1040 454 dicam
1077 385 1157 453 de
1191 381 1583 482 humilitate,
1614 401 1745 532 ἕνα
1784 403 1853 452 se
1890 401 2245 455 conservum
2287 388 2447 478 Epi?

281 467 1546 646 marsiensissesessit?
1573 485 1883 632 qaia?
1904 467 2169 631 :2333
2188 469 2441 640 ‚23:53

276 650 531 700 remotis
573 633 808 698 arbitris
831 676 853 710 ‚
894 631 1054 699 solus
1070 653 1206 700 cum
1247 632 1378 696 solo
1399 630 1539 696 Deo
1561 629 1807 724 loquens
1846 629 2169 724 fundebat,
2206 653 2439 715 eaque«,

279 714 504 800 quibus
550 714 660 797 ipsi
705 733 854 796 opus
897 733 1071 791 erat,
1117 713 1501 794 postulabat?
1586 713 1757 795 Quid
1798 711 2163 792 cie-Synodts
2224 711 2441 796 loquar

285 817 416 862 non
458 795 586 862 sine
628 797 856 876 magnis
897 797 1210 877 expensis,
1249 793 1588 860 convocatis
1646 814 1719 858 ex
1779 810 1915 858 toto
1975 794 2241 874 Imperio
2288 797 2442 876 Epi·-

283 875 523 958 scopis,
563 877 638 942 ad
678 877 1052 957 extirpandas
1091 876 1396 954 haereses,
1459 893 1518 939 et
1563 875 2018 958 compescendos
2061 876 2435 956 haereticos,

273 958 1199 1106 ffssss‘ffiss'ssessssssssssffssiz’g‘ss
1242 960 1330 1104 23.
1373 953 2367 1105 552¹“³{{.³¹2'‘¹²²3⁶²‘¹2.1‘?:12‘23
2386 959 2437 1023 '²

273 1139 434 1202 quae
465 1139 680 1212 contra
725 1123 1094 1203 Tyrannus,
1135 1118 1390 1200 collegas
1431 1057 1625 1199 suos?
1656 1058 2153 1186 chtis'tianori'im
2219 1075 2435 1186 contr}

323 1221 597 1348 ΐῗῗπςῑς-ῗα
606 1215 1057 1350 ἐαῗξυῐῑιῗιξὶεῐεε,
1083 1221 1358 1350 εεῑῐίταωυξο
1373 1221 1699 1350 aagsgsgssilsa
1716 1198 2247 1350 δὲἐώξὲἱὲεεϋείῐέἔ
2287 1221 2435 1350 cog

269 1326 632 1429 Idololatria
677 1330 746 1432 e’x
788 1384 924 1431 toto
965 1305 1284 1452 Romanop
1301 1365 1571 1442 Imperio
1612 1362 1909 1430 evellenda
1935 1405 1973 1444 ,.
2000 1385 2071 1432 ac
2086 1303 2228 1456 p[iro
2256 1301 2433 1430 ’ctiitn

267 1447 402 1508 veri
447 1443 736 1510 Numinis
777 1445 1234 1527 amplificando,
1277 1465 1338 1510 et
1379 1444 1671 1510 firmando
1734 1445 1887 1511 nulli
1948 1444 2141 1511 labori
2186 1465 2431 1528 parcens

267 1525 397 1607 egit
435 1525 909 1604 Constantinus,
948 1529 1092 1612 quin
1133 1525 1468 1603 tumultus,
1508 1544 1567 1591 et
1595 1526 2110 1606 machinationes,
2152 1526 2299 1615 quin
2331 1526 2427 1591 in-

265 1606 450 1672 sidias
489 1627 698 1673 contra
746 1610 934 1674 vitam
973 1630 1185 1690 suam,
1232 1607 1322 1673 vel
1365 1626 1697 1675 secuturam
1744 1608 2191 1690 provinciarum
2232 1604 2425 1674 rebel-

267 1687 538 1766 lienem,
580 1689 722 1772 quin
761 1691 967 1755 odium
992 1715 1030 1768 ,·
1059 1690 1218 1775 quod
1264 1692 1324 1754 in
1369 1711 1430 1755 se
1469 1688 1810 1756 concitabat
1852 1706 1914 1753 et
1956 1689 2275 1755 Procerum
2299 1730 2322 1767 ‚
2358 1699 2453 1754 et·

261 1767 650 1837 sacerdotum
696 1771 1088 1838 Idololatriae
1127 1771 1665 1838 addictissimorum
1708 1771 1791 1836 ob
1832 1768 2143 1837 immutata
2190 1789 2355 1836 sacra
2382 1809 2423 1848 .‚

261 1868 328 1914 et
367 1870 780 1932 contemtam,
822 1867 1004 1935 atque
1043 1853 1394 1934 abrogatam
1437 1872 1695 1917 veterem
1742 1849 2091 1930 religionem
2134 1850 2424 1932 pertime-

259 1951 447 1998 sceret
489 1979 510 2011 ,
568 1933 706 2000 licet
745 1956 863 2000 non
908 1939 1203 2016 ignoraret
1225 1979 1247 2013 ,
1286 1934 1767 2000 Praedecessores
1826 1953 1963 1998 suos
2025 1933 2087 1997 in
2150 1930 2421 2012 Imperio

266 2012 588 2096 Philippos
630 2015 866 2082 Arabes
909 2015 1154 2081 Patrem
1187 2061 1208 2094 ,
1249 2033 1308 2080 et
1353 2015 1578 2081 Filium
1603 2063 1624 2096 ,
1666 2015 1981 2096 Imperio,
2020 2031 2083 2080 et
2129 2013 2251 2078 vita
2296 2013 2422 2094 pri-

262 2110 438 2159 vatos
478 2117 516 2158 a
559 2097 755 2162 Decio
794 2097 876 2161 ob
913 2117 1249 2180 susceptum
1295 2095 1613 2179 Baptisma
1649 2144 1670 2178 ,
1712 2114 1771 2160 et
1814 2116 1949 2162 cum
1977 2114 2050 2160 eo
2090 2092 2421 2176 professam

259 2173 712 2243 Christianam‘
751 2176 1178 2259 Religionem.
1249 2179 1543 2245 Charitas
1612 2200 1825 2261 nempe
1884 2177 2271 2245 Constantini
2350 2175 2417 2253 in

256 2255 580 2324 Christum
613 2306 633 2339 ,
678 2276 740 2324 et
785 2260 1164 2341 Ecclesiam,
1209 2260 1266 2326 in
1337 2282 1440 2326 cot
1484 2259 1611 2340 ejus
1652 2260 1729 2325 ab
1770 2258 1999 2342 Spiritu
2040 2260 2261 2325 Sancto
2305 2276 2413 2352 per

257 2338 639 2404 Sacramenta
703 2359 964 2419 suscepta
1011 2340 1220 2407 diffusa
1254 2390 1274 2422 ,
1317 2340 1472 2407 foras
1540 2343 1703 2407 misit
1766 2344 2044 2407 timorem
2090 2364 2115 2423 3
2175 2355 2415 2407 et-ertr

262 2421 532 2487 Criticus
551 2422 598 2485 si
647 2420 790 2488 haec
829 2425 1108 2505 noverit,
1151 2441 1210 2487 et
1251 2441 1474 2489 attenta
1498 2440 1713 2489 mente·
1739 2423 2027 2506 reputarit
2092 2424 2197 2517 qui
2241 2418 2409 2487 arbi-
2504 2466 2509 2471 -

258 2520 496 2583 tretur,
540 2500 684 2569 haec
727 2503 932 2571 omnia
976 2507 1221 2586 gessisse
1265 2526 1374 2587 pto
1419 2504 1735 2584 Christ-2,
1799 2524 1859 2569 et
1908 2505 2033 2572 Ecc
2059 2524 2178 2570 esta
2219 2550 2239 2581 ,
2300 2521 2412 2583 pro

255 2582 448 2652 salute
490 2585 783 2665 Imperii,
825 2602 885 2651 et
925 2588 1294 2653 subditorum
1323 2608 1569 2654 suot-um
1599 2587 2067 2653 Constantinum
2110 2584 2222 2651 sub
2240 2583 2412 2675 Dae-

255 2668 446 2733 monis
485 2684 830 2749 potestate,
873 2686 934 2734 et
975 2669 1304 2751 servitute,
1346 2691 1461 2733 non
1482 2686 1757 2749 suscepto
1801 2668 2225 2748 Baptismate,
2262 2685 2409 2730 con-

256 2750 574 2818 stitutum?
621 2748 708 2815 Et
750 2750 870 2814 erit
927 2751 1032 2836 qni
1077 2750 1322 2828 credat,
1379 2748 1532 2814 hanc
1589 2749 2029 2841 constantiam,
2088 2745 2239 2811 hanc
2276 2744 2411 2837 ani·-

251 2832 335 2896 mi
382 2828 810 2896 firmitudinem
861 2829 918 2895 in
965 2832 1255 2911 heroicis,
1295 2848 1356 2895 et
1398 2828 1773 2895 difficillimis
1818 2826 1991 2893 factis
2054 2825 2408 2909 exequendis
2458 2897 2467 2906 ,

250 2912 510 2993 potuisse
553 2910 787 2977 homini
830 2910 891 2976 in
933 2912 1210 2979 Historia
1253 2930 1492 2977 versato
1529 2954 1551 2987 ,
1610 2928 1669 2975 et
1714 2908 1991 2977 Politicis
2032 2908 2261 2974 artibus
2309 2904 2407 2974 in·-

249 3008 516 3071 structo,
551 2991 833 3086 homini,
874 2993 1159 3088 inquam,
1199 2991 1542 3057 discrimina
1583 2992 1790 3057 omnia
1816 3040 1839 3072 ,
1880 2990 2095 3076 quibus
2135 3008 2407 3055 secum-

250 3072 528 3139 mittebat
556 3118 576 3151 ,
619 3073 988 3155 praevidenti
1027 3072 1410 3155 contingere,
1454 3072 1601 3156 quin
1643 3073 1957 3141 roboratus
1995 3087 2149 3138 esset
2189 3069 2405 3135 Sacra-

249 3170 590 3220 mentorum
631 3154 821 3236 gratia
846 3204 867 3235 ‚
904 3174 966 3219 et
1007 3157 1271 3236 virtute,
1313 3174 1655 3237 magnoque
1708 3152 1945 3221 fervore
2004 3155 2068 3220 in
2124 3153 2329 3221 Deum
2370 3196 2421 3233 ,-

249 3254 312 3303 et
353 3235 656 3314 proximos
697 3235 1086 3302 charitatis?
1134 3236 1360 3302 Credat
1390 3236 1669 3319 judaeus
1704 3236 1950 3319 apella.
2102 3264 2109 3272 ·
2390 3298 2399 3304 .

325 3316 386 3398 §.
433 3338 534 3400 29.
575 3316 756 3383 Sexta
801 3318 1036 3385 Ratio.
1077 3319 1267 3386 Nunc
1286 3319 1622 3402 temporis,
1666 3340 1803 3385 cum
1821 3314 2137 3398 disciplina
2178 3311 2397 3383 Eccle-

244 3396 477 3465 siastica
523 3399 921 3481 indulgentior
961 3418 1050 3467 est
1069 3444 1092 3479 ,
1133 3418 1315 3485 quam
1357 3397 1534 3466 fuerit
1574 3400 1789 3485 primis
1857 3396 2165 3465 Ecclesiae
2227 3417 2397 3464 secu-

243 3478 359 3560 lis,
402 3501 478 3547 ne
519 3480 892 3561 benigniores
931 3482 1176 3565 quidem
1219 3480 1543 3549 Casuistae
1602 3504 1657 3549 a·
1700 3478 1909 3549 lethali
1952 3485 2109 3547 nora
2150 3498 2395 3572 excusas-

243 3579 374 3629 rent
415 3560 756 3643 Principem
800 3560 1017 3629 affectu
1055 3562 1520 3642 Christianum,
1559 3580 1625 3630 et
1667 3562 2033 3631 Christianis
2088 3560 2393 3641 dogmati—

244 3642 348 3711 bus
387 3642 770 3723 institutum,
807 3644 916 3728 qui
959 3664 1153 3731 usqne
1193 3644 1269 3711 ad
1311 3646 1476 3711 vitae
1512 3642 1736 3724 finem,
1778 3642 2127 3730 praesertim
2168 3641 2217 3705 si
2259 3638 2391 3707 bel-

244 3722 438 3805 lator,
477 3740 542 3789 et
581 3746 752 3807 saepe
793 3745 928 3792 cum
972 3723 1242 3793 hostibus
1286 3725 1398 3793 sibi
1445 3728 1831 3810 pugnandum
1873 3742 2023 3792 esset
2059 3766 2083 3805 ‚
2140 3722 2393 3802 Raptis-.-

245 3828 407 3879 mutn
445 3806 744 3893 suscipere
781 3806 1046 3878 differret
1063 3856 1086 3880 .
1169 3807 1361 3899 Quod
1399 3808 1448 3878 si
1489 3810 1625 3894 pius
1664 3854 1691 3893 ,
1758 3824 1819 3879 ct
1860 3806 2035 3879 valde
2068 3800 2393 3952 rngdeitosns

393 3942 400 3949 -
2270 3929 2297 3965 2
