2985 4387
688 313 820 400 192*

611 426 744 487 tum
787 415 1084 485 tribuebat
1122 405 1603 491 Constantinus,
1640 427 1709 481 ut
1749 413 1898 480 item
1938 413 2238 486 nonnullis
2276 413 2413 484 aliis
2442 413 2751 500 Arianis,

609 521 866 586 quorum
913 519 1020 582 pus
1051 541 1074 576 ,
1137 515 1318 584 atque
1359 518 1656 564 venenum
1702 497 1761 561 in
1792 497 1979 588 eorde
2040 518 2259 566 tectum
2300 497 2755 570 Constantinus

607 583 924 646 inorabat
971 602 986 642 ε
1048 579 1096 644 si
1161 581 1404 662 inquam
1449 623 1470 657 ,
1530 597 1913 658 aegrotanti,
1968 597 2029 644 et
2094 580 2151 645 in
2196 582 2471 646 extremis
2534 605 2567 645 a
2652 585 2757 650 nti

671 663 1058 742 onstantino,
1105 660 1236 726 viro
1275 662 1521 725 minime
1562 658 1767 752 malo,
1808 676 1867 725 et
1906 659 2051 753 dol-i·
2076 664 2312 738 nescio,
2359 667 2419 726 in
2443 655 2599 728 subti
2634 665 2759 730 iuri

603 741 958 822 'theologia
1007 743 1312 824 peregrino
1417 759 1763 822 persuaserat
1786 787 1808 821 ‚
1870 761 1931 808 ut
2002 761 2217 809 iterum
2286 743 2697 824 baptizaretur
2726 769 2753 810 τ

603 845 728 909 quo
773 825 852 888 ab
889 825 1053 894 omni
1099 845 1288 890 noxae
1329 783 1464 889 labe
1504 824 1824 888 mundatus
1864 821 1993 901 ejus
2019 823 2323 905 Spiritus,
2364 823 2579 890 solutis
2606 847 2759 892 σοι’...

603 911 768 990 poris
815 904 1062 972 vinculis
1092 951 1113 984 ,
1173 903 1553 970 ad.Caelum
1596 903 1861 970 avolaret
1906 951 1928 986 ‚
1988 908 2147 990 quod
2211 907 2512 990 piissimus
2570 907 2757 972 Con-

603 989 898 1055 stantinus
942 987 1204 1052 maxime
1242 985 1536 1066 optabat.
1598 985 2085 1067 Quibusnam]
2129 988 2405 1068 speciosis
2445 987 2757 1054 subdolis·

600 1089 722 1166 que
765 1069 1095 1134 rationibus
1141 1068 1196 1131 id
1241 1069 1320 1132 im
1403 1085 1561 1130 trare
1600 1067 1859 1147 potuerit
1889 1067 2367 1134 Nicomediensis
2397 1067 2753 1148 Eusebius,

601 1151 744 1220 lieet
792 1148 880 1216 illi
924 1167 1263 1228 constaret,
1334 1149 1484 1214 uisse
1528 1147 1769 1214 Romae
1814 1149 2193 1230 baptizatum
2222 1193 2247 1228 ‚
2284 1167 2344 1214 et
2387 1148 2759 1216 Constanti-

599 1255 710 1300 nus
771 1232 992 1296 iterato
1033 1229 1354 1308 Baptismo
1412 1233 1823 1310 repugnaret?
1892 1248 2090 1310 postea
2156 1229 2539 1310 videbimus,
2590 1253 2757 1304 ,cum

600 1331 904 1381 ostensum
946 1313 1060 1376 erit
1103 1327 1284 1394 atque
1323 1308 1674 1384 firmatum.
1735 1331 1933 1376 revera
2001 1309 2179 1378 fuisse
2220 1311 2460 1378 Romae
2530 1307 2753 1378 multis

599 1411 772 1460 antea
817 1394 984 1458 annis
1026 1413 1191 1458 sacro
1233 1389 1520 1470 lavaero,
1558 1409 1617 1456 et
1636 1390 2008 1458 Christianis
2052 1395 2349 1474 mysteriis
2391 1392 2760 1472 initiatum,

603 1497 677 1542 ac
719 1473 890 1538 valde
934 1472 1244 1556 probabile
1307 1474 1727 1542 reddiderimus
1766 1495 1803 1540 a
1848 1472 2009 1556 lepra
2050 1472 2275 1554 fuisse,
2332 1493 2576 1555 recepto
2624 1475 2761 1542 Ba-

605 1559 936 1640 ptismate,
979 1555 1366 1626 mundatum.
1630 1601 1635 1609 ·
2748 1607 2755 1614 .

687 1635 747 1719 §.
799 1641 896 1706 18.
934 1636 1045 1704 Sed
1089 1657 1424 1721 quaenam,
1469 1636 1530 1704 in
1579 1637 1743 1717 inies,
1782 1654 1920 1705 sunt
1962 1637 2218 1706 rationes
2262 1635 2411 1702 istae
2450 1656 2581 1703 tam
2632 1659 2754 1704 va-.

601 1719 802 1800 lidae,
845 1719 1058 1806 quibus
1089 1737 1222 1801 post
1247 1720 1557 1802 Papebroc
1604 1721 1769 1800 ium,
1812 1721 2109 1802 Pagium‚
2148 1739 2206 1800 et
2252 1719 2403 1784 alios
2446 1721 2612 1784 viros
2638 1719 2753 1785 do-

598 1801 938 1878 ctissimos,
981 1800 1083 1886 qui
1125 1821 1330 1868 contra
1377 1801 1729 1867 Romanum
1774 1800 2169 1868 Constantini
2210 1799 2526 1881 Baptisma
2590 1819 2757 1884 stre-

602 1905 718 1950 nue
761 1902 1066 1964 pugnant,
1105 1898 1167 1946 et
1201 1881 1378 1948 litem
1424 1881 1579 1949 banc
1617 1899 1821 1950 contra
1866 1881 2197 1950 Baronium
2226 1925 2247 1959 ,
2294 1898 2397 1950 ,et.
2432 1882 2591 1949 alios
2641 1881 2751 1965 qui

601 1987 714 2050 pro
753 1986 826 2030 eo
869 1981 1069 2056 stant²
1111 1964 1366 2030 decisam
1408 1981 1665 2044 putant,
1711 1963 1769 2028 in
1810 1983 1943 2028 eam
1987 1963 2431 2047 persuasionem
2468 1985 2507 2030 a
2540 1983 2757 2030 recen·-

603 2045 860 2112 tioribus
903 2043 1150 2109 Crittcis
1185 2042 1497 2123 explosam
1542 2044 1829 2110 inducar?
1878 2045 1972 2111 En
2019 2047 2196 2112 illas·

620 2165 632 2176 -
686 2123 744 2209 §.
775 2147 869 2207 19.
917 2125 1121 2190 Prima
1145 2125 1265 2191 sit.
1312 2124 1793 2206 Constantinus,
1837 2144 1986 2192 teste
2028 2125 2298 2192 Eusebio
2339 2123 2540 2209 [ἕως.
2566 2149 2627 2195 c.
2644 2150 2779 2209 47..

601 2206 775 2275 Vitae
817 2203 1199 2271 constantini
1269 2225 1525 2273 matrem
1592 2205 1889 2274 Helenam
1953 2208 2026 2274 ad
2092 2207 2509 2275 Christianam
2571 2208 2764 2276 Reli-

648 2289 843 2351 ionem
895 2286 1090 2351 traxit
1127 2331 1150 2366 ,
1209 2310 1343 2355 eum
1406 2304 1583 2357 antea
1650 2288 1949 2376 idolorum
1991 2288 2209 2355 cultrix
2250 2307 2440 2368 esset,
2500 2306 2577 2354 et·
2632 2291 2763 2355 veri

683 2368 898 2435 uminis
943 2367 1184 2447 ignara:
1229 2390 1300 2436 ac
1339 2371 1488 2434 adeo
1536 2369 1740 2451 piam,
1780 2391 1844 2436 et
1884 2370 2239 2451 religiosam·
2268 2368 2465 2439 effecit
2496 2388 2527 2449 ,·
2562 2387 2637 2437 ut
2678 2372 2763 2437 ab

603 2449 878 2517 omnium
923 2450 1238 2515 Servatore
1283 2450 1557 2517 instituta
1605 2452 1947 2533 videretur3
2010 2455 2134 2533 ipse
2178 2456 2381 2536 autem
2428 2451 2761 2517 Constan-

607 2532 810 2611 tinus,
871 2548 938 2598 ut
980 2533 1159 2596 tradit
1201 2532 1476 2597 Sozimus
1525 2531 1835 2598 Ethnicus·
1862 2533 2251 2613 Historieus,¹
2307 2554 2552 2599 suasore
2596 2553 2765 2618 quo-

609 2614 754 2680 dam
805 2611 1158 2693 Aegyptio,
1199 2634 1300 2679 seu
1349 2612 1550 2693 Mago
1590 2616 1783 2687 (nam
1833 2613 2081 2680 Ethnici
2131 2617 2473 2695 Aegyptios
2514 2612 2759 2695 Magos

607 2696 790 2761 etiam
833 2694 1218 2775 appellabant
1247 2698 1274 2770 )
1313 2696 1418 2778 qui
1461 2717 1534 2760 ex
1566 2694 1863 2774 Hispania
1886 2694 2155 2759 Romam
2188 2714 2428 2761 venerat
2450 2742 2471 2773 ‚
2512 2697 2541 2771 (
2560 2714 2759 2779 quem

609 2777 1120 2854 Batonius-putat
1163 2775 1428 2843 Hosiurn
1471 2774 1702 2855 fuisse)
1744 2774 2164 2854 Christianum
2234 2796 2297 2840 se
2358 2774 2559 2859 palam
2606 2798 2761 2860 pro-

607 2856 788 2933 fessus
843 2874 932 2923 est
963 2877 1107 2933 ‚-et
1151 2856 1290 2923 talis
1352 2856 1596 2923 habitus
1652 2878 1771 2921 non
1830 2878 1869 2924 a
1912 2858 2283 2924 Christianis
2326 2856 2521 2925 solum
2562 2904 2583 2936 ,
2648 2858 2759 2925 sed

608 2941 795 3006 etiam
839 2941 918 3003 ab
962 2938 1242 3007 Ethnicis
1285 2934 1779 3022 Romanis,›qui
1822 2956 1999 3021 aegre
2044 2937 2311 3005 ferebant
2338 2986 2361 3019 ,
2400 2940 2479 3004 ab
2511 2936 2761 3005 Ethni...

611 3042 820 3088 corum
879 3020 1099 3100 sacris,
1159 3039 1222 3085 et
1281 3020 1446 3086 avita
1512 3018 1809 3100 religione
1870 3023 2207 3098 recessisse,
2270 3038 2363 3093 ut.
2407 3020 2613 3085 videre
2658 3039 2757 3089 est

583 3102 767 3183 'apud
830 3101 1142 3167 Sozimum
1183 3144 1208 3179 ,
1270 3120 1362 3187 et&
1399 3102 1749 3183 Eunapiutn
1817 3100 2111 3167 Ethnicos
2146 3100 2513 3168 ··Historicos
2546 3145 2569 3180 ,
2637 3102 2758 3186 qni

607 3182 802 3247 multa
853 3180 1062 3264 probra
1087 3228 1109 3261 ,
1171 3200 1233 3247 et
1275 3180 1593 3248 maledicta
1636 3200 1839 3251 eontra
1886 3180 2355 3249 Constantinum
2383 3226 2403 3259 ‚
2462 3203 2541 3249 eo
2581 3183 2763 3267 quod

611 3262 978 3328 Christianis
1019 3264 1197 3328 sacris
1242 3260 1508 3329 initiatus
1552 3282 1752 3341 esset,
1810 3281 2243 3331 evomuerunt.
2312 3264 2477 3343 Quis
2534 3285 2759 3332 autem

613 3344 813 3408 eredat
838 3378 872 3424 ‚·
898 3343 1373 3440 Constantinum
1415 3340 1703 3417 nonduin,
1726 3344 2101 3425 baptizatum
2130 3392 2149 3421 ‚
2214 3366 2325 3410 nec
2367 3343 2767 3411 catechume-

611 3442 757 3515 num
804 3424 951 3489 adeo
1015 3426 1073 3492 in
1115 3423 1486 3491 Christianis
1528 3426 1849 3507 Mysten-iis
1879 3472 1899 3507 ,
1956 3444 2021 3489 et
2061 3426 2417 3491 Christiano
2456 3428 2775 3506 dogmate.

613 3520 916 3594 peritum,
957 3523 1026 3569 ut
1069 3524 1322 3574 matrem
1363 3526 1529 3569 suam
1576 3528 1693 3572 non
1736 3506 1921 3573 modo
1960 3506 2033 3573 ad
2063 3504 2591 3575 Christianismum
2624 3512 2763 3573 tr'a·

617 3603 773 3677 xertt
815 3632 836 3665 ,
899 3586 998 3649 sed
1041 3608 1175 3652 eam
1223 3586 1306 3651 ita
1351 3586 1410 3651 in
1453 3586 1930 3655 Christianismo
1998 3588 2318 3655 instituerit
2369 3636 2391 3672 ,
2457 3607 2763 3672 tantaque

663 3681 881 3745 tetate,
923 3684 982 3731 et
1023 3666 1304 3747 religione
1345 3687 1478 3733 eam
1525 3668 1804 3734 imbuerit
1830 3717 1849 3749 ‚
1894 3686 2003 3749 ut,
2046 3691 2168 3735 non
2208 3672 2345 3753 dico
2368 3670 2451 3737 ab
2472 3673 2767 3751 Aposto-

643 3744 974 3841 o'aliquo‚
1013 3747 1114 3813 sed
1151 3748 1232 3814 ab
1272 3748 1404 3829 ipso
1447 3747 1705 3818 Christo
1748 3752 2021 3815 instituta
2071 3751 2410 3819 videretur-2
2456 3772 2591 3821 cum
2638 3772 2759 3817 no-

608 3842 752 3899 tum
788 3848 872 3897 sit
929 3846 1002 3896 ex
1061 3829 1313 3916 antiqua
1359 3830 1671 3903 Ecclesiae
1707 3830 2025 3918 disciplina
2059 3878 2083 3916 ,
2140 3854 2215 3903 ne
2256 3831 2759 3924 catechumenos
