2985 4387
1246 288 1323 361 Τ
1364 288 1433 361 Α
2211 312 2338 380 225

366 390 737 484 Tarquinius
775 394 1013 464 Priscus
1036 440 1065 476 ,-
1100 394 1296 463 Rom.
1336 416 1435 461 rex
1478 392 1676 463 tunica
1723 394 1960 465 indutus
1999 418 2172 465 aurea
2201 400 2416 465 triurn-

282 480 534 567 pbavit.
576 482 675 547 Ita
710 478 973 545 Verrius
1014 493 1163 543 teste
1204 474 1443 543 Plinio.
1487 478 1586 543 De
1626 498 1701 543 eo
1745 480 1806 544 in
1833 478 2192 561 specimine.
2231 480 2418 545 Sube-

284 568 375 645 git
404 586 497 631 12.
524 560 831 629 Thusciae
858 580 959 625 seu
982 556 1259 625 Etruriae
1286 558 1459 623 urbes
1478 602 1500 636 ,
1523 580 1594 625 ex
1617 558 1828 645 quibus
1873 563 2124 643 insignia
2149 580 2418 627 summae

278 688 285 709 2
370 646 601 711 testatis
645 642 961 724 suscepisse
1000 641 1257 707 dicitur:
1295 638 1504 705 Fasces
1532 661 1742 722 nempe
1767 661 1862 707 12.
1888 640 2204 709 Trabeam
2227 690 2248 723 ,
2284 640 2418 709 seh

282 666 407 791 ffm
450 722 787 799 Curulem,
848 722 1221 788 Praetextam
1248 764 1271 799 ‚
1310 740 1369 786 et
1412 720 1473 785 id
1517 740 1698 803 genus
1733 720 1900 789 alia.
1941 724 2128 791 Olim
2159 744 2230 789 na
2345 740 2432 789 ue

279 806 553 873 Romani
594 825 754 886 reges
812 804 1001 895 sola-m
1043 800 1279 867 hastam
1319 822 1427 885 pro
1465 820 1667 885 septto
1705 806 2014 885 gestabant
2027 840 2054 885 ι,
2097 820 2162 873 et
2201 808 2308 871 ab,
2355 824 2421 869 a·

280 904 373 953 sta
416 886 719 955 Romulus
760 893 1063 967 Qun-mus
1100 884 1333 951 dictus·

368 964 661 1034 Tarutius
700 966 868 1045 (L.)
927 958 1280 1045 Firtna't'tus,
1340 963 1628 1033 Ciceroni
1694 962 2008 1033 familiaris
2032 1014 2053 1045 ,
2093 967 2158 1035 in
2221 962 2422 1035 Chal-

282 1048 470 1115 daicis
512 1048 837 1115 rationibus
860 1047 1141 1139 peritus,
1182 1044 1351 1113 urbis
1382 1046 1649 1113 natalem
1692 1049 1846 1112 diem
1891 1048 2188 1129 repetebat
2233 1069 2269 1112 a
2300 1052 2424 1112 Pa-

192 1196 203 1209 ,
286 1126 547 1209 vilibus,
589 1150 691 1195 seu
732 1124 1083 1209 Palrlibus,
1126 1129 1185 1193 in
1228 1127 1451 1213 quibus
1490 1148 1624 1194 eam
1673 1128 1972 1197 Romulus
2010 1129 2272 1196 condidit
2297 1176 2318 1209 ‚
2358 1146 2422 1193 et

284 1208 409 1277 fata
450 1209 575 1289 ejus
614 1230 821 1279 cauere
860 1228 979 1277 uon
1005 1207 1360 1289 dubitabat,
1398 1210 1638 1288 dicens,
1683 1212 1952 1277 Romam
1995 1228 2244 1291 natam,
2283 1230 2432 1277 curn

288 1310 439 1361 esset
480 1293 543 1359 in
580 1289 729 1375 jugo
768 1290 975 1361 Luna.
1017 1290 1189 1359 Eum·
1228 1288 1375 1356 ridet
1422 1288 1562 1359 Cic.
1602 1286 1805 1363 liba.
1841 1289 1920 1360 de
1960 1290 2205 1369 Dimitte,

1282 1410 1451 1478 ΤΕ

935 1574 1722 1647 cenomannum..

371 1692 773 1781 Tales-copiam
793 1741 816 1778 ,
873 1715 1017 1764 casu
1059 1695 1375 1780 inventum
1412 1718 1448 1761 a
1490 1696 1748 1763 Batavo·
1773 1696 2046 1778 quodam
2092 1718 2194 1763 an.
2241 1701 2424 1777 16o9³

289 1782 433 1849 Hoc
490 1782 793 1847 inventurn
838 1778 1271 1846 Astronotniae
1334 1779 1700 1845 incremento
1743 1776 1912 1841 valde
1960 1778 2147 1858 utile,
2205 1798 2430 1857 magno

292 1865 355 1931 in
396 1861 591 1944 pretio
616 1877 760 1927 cst.
826 1860 925 1927 Eo
964 1862 1217 1927 caruisse
1280 1878 1508 1925 veteres
1551 1862 1956 1926 Astrouomos
1996 1858 2303 1939 Graecos,
2363 1874 2429 1925 et
2479 1862 2488 1880 '

288 1944 655 2021 Romanos,
691 1959 758 2007 ut
799 1942 985 2007 etiam
1027 1940 1375 2009 Chaldaeos
1401 1986 1424 2021 ,
1468 1956 1532 2005 et
1575 1938 1914 2021 Aegyptios
1951 1984 1974 2021 ,
2032 1940 2428 2007 crediderim.

293 2024 373 2091 In
418 2023 665 2105 publicis
710 2020 895 2088 Foliis
952 2044 1141 2105 nuper
1184 2022 1347 2101 legi,
1386 2044 1423 2085 a
1463 2021 1780 2087 Sacerdote
1839 2022 2099 2105 quodam
2147 2022 2425 2097 Hispano

290 2104 744 2173 Neutouianum
789 2101 1224 2184 Telescopium
1282 2098 1588 2185 perfectius
1651 2100 1945 2170 redditum
2005 2120 2142 2187 post
2203 2101 2431 2169 multo·

292 2209 428 2256 rum
468 2205 759 2252 annorum
796 2184 1057 2251 studium
1100 2186 1157 2250 in
1202 2182 1353 2250 hanc
1393 2205 1519 2250 rem
1565 2185 1896 2277 impensum
1923 2233 1942 2251 .

375 2263 762 2350 Telesphorus
797 2265 959 2346 Papa
984 2313 1005 2344 ,
1047 2265 1315 2332 Graecus
1356 2265 1600 2333 natione
1638 2282 1792 2332 rexit
1843 2267 2307 2335 Ecclesiaman.
2333 2287 2430 2334 to·
2537 2309 2542 2321 ·

291 2337 375 2436 ab
416 2369 516 2415 an.
556 2345 796 2415 Christi
844 2365 977 2430 ¹30·
1022 2344 1364 2422 ,instituisse
1419 2347 1635 2415 dicitur
1677 2343 1976 2424 Jejunium
2020 2349 2428 2436 Quadragesi-

296 2429 496 2509 male,
536 2445 597 2495 et
637 2427 735 2494 die
774 2423 1021 2493 Natalis
1060 2427 1313 2496 Domini
1357 2441 1451 2494 ter
1489 2423 1806 2496 sacrificari
1850 2426 2128 2513 jussisse,
2170 2427 2264 2498 vel
2287 2449 2430 2513 ‘per-

296 2511 556 2580 misisse.
601 2507 699 2575 Ita
742 2507 966 2576 Euseb.
1009 2509 1069 2576 iu
1109 2506 1345 2579 chron.

1046 2670 1837 2746 Conotzantuuae

382 2836 637 2921 Templa
660 2881 680 2903 .
723 2833 823 2901 Ex
866 2832 1050 2902 sacris
1089 2833 1305 2904 litteris
1345 2858 1469 2904 nou
1511 2852 1750 2904 constat
1773 2880 1794 2915 ‚
1837 2852 1912 2898 an
1953 2833 2014 2902 in
2053 2831 2184 2916 lege
2226 2832 2429 2900 Natu-

302 2941 449 3000 rae,
486 2936 545 2986 et
587 2936 724 2985 ante
754 2913 1079 2984 Diluvium
1122 2915 1347 2984 fuerint
1389 2916 1614 2998 templa
1657 2931 1850 2983 erecta
1881 2957 1906 2994 ‚
1948 2914 2012 2980 iu
2053 2915 2264 2996 quibus
2303 2912 2431 2980 cul-

293 3019 401 3080 ,tus
444 3021 591 3070 vero
630 3001 769 3066 Deo
811 2997 1162 3064 tribueretur
1202 3019 1241 3064 a
1284 2997 1583 3064 Fidelibus
1610 3044 1629 3063 .
1694 2995 1952 3062 Constat
1993 2995 2231 3076 solum,
2270 2995 2430 3060 facta

303 3083 357 3148 ei
400 3079 683 3149 sacrificia
706 3124 727 3157 ,
787 3094 849 3144 et
888 3077 1221 3144 oblationes
1248 3127 1269 3158 ,
1329 3096 1582 3162 arasque
1620 3095 1849 3143 erectas
1887 3078 1948 3142 iu
1988 3075 2134 3142 locis
2178 3077 2436 3159 patenti-

306 3163 455 3230 bus.
496 3161 765 3228 Mundus
808 3178 943 3224 nem
1062 3177 1189 3226 erat
1227 3159 1315 3226 eis
1354 3180 1465 3240 pro
1510 3159 1781 3241 templo,
1888 3157 2001 3224 uod
2045 3180 2166 3225 non
2207 3157 2284 3224 ab
2321 3155 2436 3224 ho-

305 3241 571 3319 minibus
600 3286 621 3319 ‚
659 3259 764 3307 nec
803 3241 883 3306 ab
998 3239 1226 3322 agens,
1286 3243 1383 3308 sed
1422 3261 1459 3307 a
1502 3241 1642 3307 Deo
1683 3241 1815 3322 ipso
1880 3239 2205 3307 abricatum
2261 3257 2434 3304 erat:

301 3339 369 3390 et
411 3319 534 3388 tale
573 3341 772 3387 revera
815 3337 905 3387 est
946 3319 1215 3389 Mundus
1248 3365 1269 3399 ,
1314 3339 1379 3390 ut
1421 3321 1606 3390 etiam
1652 3323 1918 3390 Animus
1957 3319 2288 3400 humanus,
2328 3318 2437 3404 qui

308 3400 631 3470 virtutibus
674 3399 1081 3484 ‘theologicis
1117 3446 1140 3483 ,
1201 3419 1261 3468 et
1305 3401 1652 3472 Moralibus
1709 3421 1952 3470 ornatur
1985 3449 2012 3471 .
2071 3403 2240 3469 Haec
2297 3419 2438 3466 sunt

306 3483 504 3563 dona,
565 3499 627 3548 et
668 3479 1051 3562 oblationes,
1110 3481 1325 3572 quibus
1362 3485 1564 3554 Deum
1632 3483 1958 3568 propitium
2013 3484 2186 3551 'nobis
2247 3481 2438 3550 facere

312 3563 634 3645 debemus,
666 3582 987 3660 urgento,
1026 3581 1088 3630 et
1126 3587 1275 3634 auro
1317 3565 1716 3650 pretiosiora:
1781 3565 1940 3650 quod
1997 3565 2307 3648 agnovisse
2347 3564 2442 3631 vi·
2492 3629 2501 3642 ,

310 3646 483 3718 detur
525 3645 751 3713 Persius
791 3655 921 3714 sat.
965 3667 1025 3712 2.
1065 3667 1277 3714 canens
1404 3669 1411 3678 ·

344 3779 349 3786 .
470 3725 871 3820 compositum
890 3727 1011 3820 jus
1028 3767 1051 3808 ‚
1084 3724 1307 3812 fasque
1344 3724 1558 3796 Animi
1585 3774 1607 3811 ‚
1646 3743 1990 3812 sanctosque
2029 3749 2282 3799 recessus

472 3815 700 3878 Memn-
714 3856 739 3896 ,
778 3823 837 3876 et
882 3824 1167 3880 mcoctum
1199 3831 1471 3896 generoso
1503 3825 1714 3896 pectus
1755 3811 1981 3882 honesto
1997 3857 2028 3894 ,

1602 3893 1652 3960 P
2257 3895 2377 3957 Hoc
