2985 4387
2220 345 2339 398 nt

271 421 822 502 maestitinonio
849 421 1228 510 Cardinalis
1254 425 1653 502 Rodiensis
1673 478 1692 499 .
1716 427 1987 500 Or’nitt'o
2004 425 2153 508 alia
2194 431 2431 528 Opera

273 521 645 608 consulens
688 517 1012 598 brevitati
1031 560 1069 609 ,ι
1100 539 1188 592 ne
1235 520 1362 591 tibi
1403 519 1755 592 fastidium
1800 541 2071 596 creem.

364 609 462 681 Ut
502 633 675 684 vero
719 611 980 694 Auctor
1007 609 1240 704 palam
1286 609 1497 683 faciat
1540 609 2011 706 diligentiam,
2056 631 2269 706 quam
2304 615 2434 686 ad.

269 701 504 775 hibuit
539 707 620 773 -in
662 701 957 791 dandis,
979 719 1071 786 ,et
1114 700 1490 776 asserendis
1555 719 1673 774 tan
1726 725 1891 774 uam
1958 704 2245 774 minime
2291 703 2427 782 du-

267 794 402 888 biis
425 841 449 882 ‚
491 801 680 888 qua‘e
711 799 1355 886 -expromit‚·testes
1380 840 1404 881 ‚
1449 813 1532 864 ac
1577 726 1797 867 vaget
1842 815 1969 889 pro
2010 793 2277 865 traditis
2320 795 2424 868 fe-

264 908 342 956 re
385 905 662 978 semper
689 880 915 968 ‘affizrt‘
941 887 1262 980 antiquos
1303 885 1636 957 Auctores
1668 935 1689 973 ‚
1754 905 2051 981 quorum
2111 883 2431 958 subsidio

269 973 651 1069 Scriptores
708 973 828 1049 vel
891 976 1204 1074 eiusdem
1245 981 1507 1048 -aetatis
1552 1025 1577 1064 ,
1637 975 1762 1064 ‚vel
1806 977 1971 1048 illis.
2006 978 2429 1067 antiquiores

261 1085 440 1138 tunc
485 1064 696 1140 lectos
714 1115 736 1152 ‚
781 1078 853 1138 et
896 1079 1088 1138 nunc
1132 1065 1352 1138 veluti
1394 1087 1579 1140 raros
1623 1071 1695 1138 iu
1740 1085 1939 1141 vasto
1981 1064 2431 1158 Antiquitatis

261 1160 538 1250 gurgite
580 1177 821 1230 nantes
845 1207 868 1245 ‚
911 1179 997 1228 ac
1044 1177 1226 1266 petie
1270 1157 1404 1250 jam
1443 1179 1713 1230 ‘mersos
1756 1165 1832 1230 in
1872 1157 2063 1228 littoe
2122 1157 2429 1231 educere

259 1252 510 1340 sategit
553 1269 798 1322 eorum
841 1265 1116 1329 sortem.
1139 1248 1497 1322 infelicem
1524 1255 1896 1322 miseratus
1920 1293 1941 1318 .
1986 1245 2081 1318 Hi
2128 1265 2365 1321 autem
2399 1297 2429 1336 ‚
2548 1255 2555 1262 ’

260 1344 324 1408 si
369 1357 563 1408 mens
605 1341 704 1410 eis
746 1339 951 1410 laeva
996 1361 1141 1410 non
1217 1337 1420 1412 fiterit
1453 1372 1490 1428 ·‚
1556 1361 1885 1434 magnam
1950 1339 2431 1434 pchuldubio

259 1447 422 1500 sunt
467 1425 770 1502 habituri
817 1433 1102 1502 Auctori
1143 1436 1434 1524 gratiam
1479 1481 1504 1519 ‚
1566 1433 1763 1526 qnod
1832 1451 2081 1502 manus
2127 1431 2433 1503 auxilia·

259 1541 408 1607 resq
451 1537 522 1592 et
545 1519 906 1592 beneficas
947 1524 1044 1592 eis
1089 1527 1508 1615 porrexerit,
1552 1545 1811 1617 eosque
1824 1539 1877 1593 a
1912 1529 2251 1616 praesenti
2296 1522 2428 1594 ob-

259 1609 547 1690 livionis
588 1611 950 1705 naufragio
990 1609 1294 1684 liberarit
1326 1663 1350 1702 ‚
1405 1612 1522 1684 vel
1590 1612 1882 1685 liberare
1944 1631 2231 1684 conatus
2275 1611 2433 1685 fue-

261 1709 394 1774 ntz
440 1701 816 1795 majorem,
859 1719 940 1774 ut
981 1721 1202 1796 putus,
1248 1701 1553 1776 habituri
1600 1707 1681 1774 iis
1714 1751 1739 1792 ‚
1796 1706 1927 1798 qui
1994 1725 2137 1776 non
2204 1705 2427 1776 modo

265 1813 516 1876 corum
543 1797 848 1866 nomina
873 1841 897 1882 ‚
940 1814 1014 1866 et
1055 1793 1290 1872 titulos
1332 1794 1684 1866 editorum
1732 1795 1824 1864 ab
1870 1789 2001 1862 illis
2056 1793 2373 1886 Operum
2404 1845 2433 1884 ‚

263 1883 392 1956 sed
457 1901 527 1955 et
589 1883 957 1956 eduxerint
1019 1884 1256 1978 Opera
1323 1889 1470 1982 ipsa
1540 1889 1615 1956 in
1685 1884 2049 1972 naufragio
2114 1891 2359 1954 amissa
2404 1935 2433 1971 ,

263 1974 615 2136 {nercibus
640 2023 664 2064 ‚
701 1995 780 2048 et
821 1973 1154 2049 thesauris
1197 1973 1436 2050 divitis
1491 1973 1737 2049 Indiae
1808 1973 2033 2050 multo
2076 1978 2435 2072 pretiosio-

310 2087 350 2136 a
370 2111 393 2132 .
1170 2102 1178 2108 ·
1427 2097 1434 2106 ·
1602 2095 1608 2100 ·
1652 2099 1661 2110 ·

281 2177 290 2184 ·
357 2153 718 2251 Quoniam
763 2181 936 2231 vero
973 2156 1240 2241 Auctor
1281 2163 1356 2229 in
1399 2159 1759 2250 Specimine
1804 2175 2077 2252 praeter
2141 2156 2434 2233 Corolla-

262 2252 368 2317 n‘a‘
384 2297 408 2336 ‚
454 2246 824 2321 Historiam
860 2299 885 2339 ‚
941 2266 1014 2323 et
1059 2248 1535 2345 Litteraturarn
1586 2248 2059 2322 Romanorum
2109 2256 2437 2345 antiquo-

261 2360 420 2409 rum
467 2338 868 2413 illustrantia
912 2390 934 2429 ,
1005 2340 1372 2412 nonnullas
1439 2338 1715 2411 addidit
1757 2340 2271 2412 Dissertationes
2336 2342 2431 2412 de

257 2429 468 2508 rebus
513 2427 986 2503 Romanorum
1035 2452 1279 2524 parum
1327 2435 1645 2505 discussis
1667 2480 1689 2519 ‚
1734 2449 1805 2501 et
1830 2431 2231 2527 exploratis3
2278 2430 2424 2504 Au-

263 2538 530 2607 ctorem
579 2526 866 2617 rogavi,
910 2539 989 2595 ut
1030 2528 1087 2592 si
1129 2524 1204 2593 id
1263 2544 1485 2617 genus
1549 2526 1913 2617 quippiam
1955 2522 2429 2597 ,lucubratum

261 2632 304 2680 a
411 2609 462 2683 d
505 2632 577 2683 se
619 2608 910 2687 haberet
931 2662 955 2700 ‚
999 2612 1195 2707 quod
1239 2632 1468 2709 posset
1514 2636 1609 2708 op
1706 2633 1904 2685 rtune
1946 2620 2085 2687 suis
2128 2612 2299 2685 locis
2344 2620 2419 2687 in

368 2704 526 2779 xt‘co
567 2705 770 2774 inseri
795 2704 980 2791 ‚'vel
1023 2708 1099 2774 in
1139 2700 1278 2779 fine
1323 2704 1529 2803 hujus
1639 2707 1816 2775 exit-i
1860 2704 2052 2792 dari,
2094 2704 2415 2799 Antiqui-5

261 2810 492 2865 tatum
537 2790 1006 2868 Romanarum
1057 2794 1390 2869 studiosis
1457 2817 1601 2883 non
1644 2796 2023 2881 invideret,
2084 2794 2208 2868 sed
2254 2814 2425 2865 cum

257 2880 400 2969 illis
445 2890 992 2963 communicaret
1011 2886 1044 2955 .’
1075 2884 1200 2957 Ille
1230 2904 1311 2958 ut
1354 2886 1533 2959 mihi
1578 2906 1844 2962 morem
1878 2902 2141 2978 gereret
2162 2930 2185 2971 ‚
2228 2882 2429 2955 sche-

267 2966 402 3045 das
445 2996 618 3047 suas-
642 2980 995 3050 excutiens
1018 3026 1043 3066 ‚
1087 2995 1157 3048 et
1200 2980 1448 3071 scripta
1494 2998 1617 3047 sua
1660 2974 2033 3062 evolvens,
2078 2974 2421 3049 nonnulla

261 3064 440 3135 olim
484 3086 527 3137 a
569 3082 642 3137 se
685 3066 1046 3139 lucubrata
1090 3072 1405 3153 invenit,
1448 3088 1668 3160 quae,
1715 3070 1881 3159 quia
1912 3066 2008 3136 de
2050 3064 2257 3139 rebus
2300 3088 2427 3137 va-

257 3159 434 3245 riis,
497 3172 570 3229 et
615 3178 864 3251 parum
905 3164 1074 3229 tritis
1115 3206 1142 3247 ‚
1203 3156 1416 3321 ἀὶξὲιε
1459 3156 1637 3229 mihi
1680 3176 1837 3229 sunt
1880 3160 2025 3233 visa
2060 3198 2093 3244 ‚·
2140 3160 2214 3229 in
2281 3155 2421 3227 hoc

259 3232 478 3317 Nm
513 3246 775 3321 lexico
819 3250 1046 3323 tradi=
1092 3272 1238 3342 quo
1369 3266 1397 3319 t
1419 3298 1443 3337 ‚
1487 3264 1572 3320 ut.
1610 3253 1947 3319 varietate
1970 3300 1991 3333 ,
2038 3264 2107 3318 et
2150 3253 2421 3319 novita-

259 3354 339 3409 te
383 3335 729 3427 inductis,
797 3344 1024 3413 minus
1067 3339 1325 3435 legenti
1371 3344 1659 3413 insuave
1692 3388 1719 3427 ‚
1788 3360 1871 3409 ac
1918 3336 2273 3433 pulchrius
2320 3338 2421 3405 O-

259 3444 400 3522 pus
445 3426 628 3499 istud
672 3430 972 3517 evadat3
1015 3452 1176 3503 cum
1225 3434 1654 3525 experientia
1696 3451 1822 3502 nos
1870 3429 2155 3516 doceat,
2202 3434 2277 3499 in
2324 3428 2425 3497 O-

259 3517 552 3613 peribus
599 3518 813 3611 Artis,
857 3540 930 3597 et
972 3520 1268 3597 Naturae
1311 3520 1492 3593 nihil
1536 3518 1947 3615 pulchrum,
1994 3538 2203 3613 atque
2270 3531 2423 3612 gra-

263 3628 419 3685 tum
439 3659 466 3699 ‚
508 3612 704 3704 quod
751 3617 1080 3689 varietate
1125 3634 1270 3685 non
1313 3610 1689 3685 reficiatur.

257 3708 262 3715 “
357 3697 734 3797 Praecipua
777 3722 1062 3792 autem,
1106 3726 1288 3797 quae
1333 3700 1853 3776 mihi-chicon
1896 3700 2077 3774 istud
2124 3721 2215 3770 au
2262 3718 2419 3787 ere,

257 3804 341 3867 et
381 3810 628 3892 ornare
673 3800 982 3893 cupienti
1026 3796 1308 3873 tradidit
1331 3846 1354 3889 ,
1395 3814 1692 3959 sequgns
1724 3798 1981 3888 pagina
2024 3808 2177 3888 post
2233 3808 2423 3957 fgae-

389 3942 397 3949 .
1696 3906 1739 3957 2
2300 3920 2331 3937 -
