2985 4387
1289 223 1355 296 C
1439 225 1474 292 1
2306 249 2387 312 49

309 329 604 422 cuiquam
647 328 1080 422 bibliothecam
1119 351 1284 398 suam
1327 329 1681 412 despondeat
1722 354 1743 412 ς
1808 351 1939 398 eam
1983 334 2142 400 enirn
2185 329 2357 398 valde
2398 356 2471 400 o·

313 437 497 504 prat,
539 414 648 482 sibi
695 434 916 480 servari
943 459 964 478 .
1003 414 1190 495 Saepe
1227 410 1456 494 etiam,
1502 413 1697 478 varios
1738 411 1920 482 libros
1943 415 2067 482 sibi·
2102 415 2351 481 utendos
2392 416 2469 482 ad

311 519 382 564 se
421 497 588 564 mitti
609 517 678 561 ex
699 517 766 560 ea
791 543 810 574 ,
855 493 1134 562 Atticum
1174 512 1350 560 orat:
1377 495 1537 578 quod
1568 495 1835 576 indicat,
1880 497 2082 568 Attici
2129 494 2470 566 Bibliothe-

309 601 452 649 cam
495 576 668 644 valde
705 575 1006 660 copiosam
1027 625 1050 660 ,
1087 592 1148 642 et
1187 575 1468 644 selectam
1510 573 1727 642 fuisse.

311 787 606 848 BREVIS
666 784 1350 848 COMMENTARIUS
1403 783 1521 844 DE
1580 785 1837 847 ΚΕΒΗΣ
1892 785 2455 870 ΒΟΜΕῙΤΙΟΠ,

391 869 510 928 ΕΤ
551 869 932 929 PRIVATIS
973 869 1064 926 M.
1109 867 1290 927 TUL.
1334 865 1783 926 CICERONIS
1820 910 1843 944 ‚
1903 871 1992 942 Q,
2034 867 2396 936 FRATRIS
2431 917 2457 954 9

391 951 510 1009 ΕΤ
548 952 627 1010 Τ.
673 949 1096 1011 ΡΟΜΡΟΝΙΙ
1139 947 1478 1022 Armet,
1520 947 1823 1008 PARUM
1862 949 2150 1012 NOTIS.

387 1147 690 1218 Virorum
736 1147 998 1216 doctrina
1024 1195 1045 1230 ,
1087 1163 1148 1212 et
1190 1145 1360 1216 rebus
1403 1148 1583 1230 gestis
1625 1147 2223 1218 clarissimorum-res
2264 1150 2451 1220 etiam

303 1229 591 1296 minimas
651 1230 799 1296 scire
865 1229 1074 1309 juvat.
1160 1227 1292 1296 Nec
1331 1227 1507 1295 silent
1548 1230 1835 1298 Historici
1902 1231 2155 1314 pueriles
2210 1232 2385 1300 ludos
2429 1267 2463 1318 ir

303 1313 526 1397 quibus
569 1311 805 1378 laxandi
851 1312 1034 1378 animi
1077 1331 1246 1376 causa
1273 1357 1292 1392 ,
1333 1333 1472 1378 cum
1513 1332 1547 1375 a
1596 1312 1964 1394 gravioribus
2024 1313 2231 1380 studiis
2279 1335 2453 1383 vaca-

301 1393 496 1467 bant.
540 1392 838 1471 indulgere
875 1391 1144 1459 solebant
1185 1393 1455 1458 Socrates
1481 1439 1503 1472 ,
1543 1392 1747 1475 Scipio
1795 1437 1818 1473 ,
1878 1391 2157 1482 Laelius,
2196 1398 2451 1464 Scaevo-

299 1473 406 1554 la,
451 1475 619 1558 Aug.
666 1473 998 1552 Claudius,
1037 1475 1283 1541 Severus
1323 1473 1668 1540 Alexander
1714 1475 2155 1557 Imperatores,
2198 1495 2259 1544 et
2298 1479 2452 1560 alii',

297 1555 440 1623 licet
500 1556 913 1638 occupationes
974 1555 1354 1634 levissimae,
1417 1569 1480 1619 et
1539 1557 1719 1622 tantis
1782 1558 1923 1624 viris
1968 1579 2177 1641 parum
2234 1560 2468 1643 dignae·

299 1638 492 1705 videri
539 1637 762 1720 possint
787 1685 808 1702 .
851 1637 948 1702 De
989 1633 1198 1704 Laelio
1222 1679 1256 1724 ⁵.
1285 1652 1346 1699 et
1385 1635 1659 1717 Scipione
1704 1637 2161 1720 rusticantibus,
2204 1661 2275 1706 ac
2318 1641 2449 1708 vel·-

295 1719 388 1785 uti
433 1717 972 1804 repuerascentibus
1015 1718 1088 1783 ad
1133 1716 1423 1794 Caietam
1450 1762 1470 1794 ‚
1528 1735 1588 1781 et
1634 1719 2005 1790 Laurentum
2043 1762 2065 1798 ‚
2128 1719 2259 1788 vide
2300 1723 2445 1790 Cic.

291 1797 371 1865 de
413 1808 659 1866 Oratore
699 1800 808 1866 lib.
837 1823 896 1866 2.
937 1797 1105 1865 Haec
1145 1818 1376 1864 mecum
1421 1811 1699 1878 reputans
1741 1821 1859 1866 non
1900 1798 2105 1868 mirati
2146 1823 2265 1868 non
2306 1823 2443 1886 pos-

293 1903 428 1950 sum
458 1926 479 1959 ‚
522 1879 714 1948 multa
755 1882 834 1946 ab
879 1879 1200 1946 Historicis
1244 1879 1549 1965 antiquiS,
1591 1897 1651 1946 et
1694 1880 2025 1949 recentibus
2072 1885 2441 1962 praetermis-

296 1985 362 2028 sa
388 2006 411 2042 ‚
454 1983 608 2047 quae
646 1962 720 2028 de
761 1959 868 2028 M.
890 1959 1155 2043 Tullio,
1195 1960 1437 2048 Quinto
1462 1963 1667 2026 Fratre
1710 1961 1965 2037 Tullii,
2004 1981 2064 2029 et
2112 1961 2204 2039 T,
2252 1965 2441 2031 Pom-

289 2043 480 2127 ponio
522 2045 740 2113 Attico
780 2045 1002 2108 narrari
1049 2061 1366 2122 poterant.
1459 2042 1673 2126 Itaque
1714 2065 1829 2110 non
1876 2041 2313 2122 displiciturum
2357 2044 2445 2112 le-

287 2123 560 2195 ctoribus
603 2143 752 2208 puto
778 2167 800 2205 ,
843 2145 934 2190 res
975 2125 1366 2201 domesticas,
1405 2143 1464 2188 et
1512 2129 1773 2204 privatas
1816 2123 1919 2191 M.
1961 2125 2119 2199 Tul.
2161 2125 2250 2215 Q.
2296 2127 2440 2193 Fra·

289 2209 408 2273 tris
433 2255 451 2287 ,
494 2224 557 2273 et
601 2208 797 2275 Attici
844 2204 978 2272 heic
1017 2226 1321 2282 attexere,
1363 2226 1515 2293 quae
1558 2228 1629 2273 ex
1676 2204 1961 2291 epistolis
1988 2207 2129 2275 Cic.
2174 2214 2249 2275 ad
2292 2211 2439 2278 Att.

285 2306 356 2355 et
414 2288 488 2354 ed
554 2288 646 2371 Q.
688 2287 1042 2353 Ciceronem
1105 2287 1370 2379 {fratrem
1435 2286 1651 2368 collegi
1696 2332 1719 2364 ,
1779 2308 1839 2353 et
1904 2291 1979 2354 ab
2036 2290 2439 2373 Scriptoribus

290 2368 468 2437 Vitae
509 2367 812 2438 Ciceronis
837 2411 858 2445 ‚
901 2387 959 2431 et
1001 2368 1196 2433 Atteci
1222 2368 1500 2433 brevitati
1548 2368 2319 2452 consulentibus,-forsitan
2346 2395 2441 2443 et-

289 2452 420 2517 iam
463 2452 604 2537 quia
649 2472 736 2516 res
781 2450 938 2515 leves
983 2448 1124 2533 ipsis
1153 2450 1355 2528 visae,
1397 2452 1988 2529 praetermittuntur.
2036 2452 2123 2519 Et
2167 2456 2437 2534 primurn

285 2533 636 2621 quidemjn
679 2530 982 2598 nonnullis
1024 2530 1098 2597 ad
1139 2532 1284 2599 Art.
1325 2528 1614 2612 Epistolis
1652 2552 1853 2598 narrat
1892 2532 2035 2600 Cic.
2066 2556 2275 2615 pueros
2318 2536 2437 2601 Ci-

279 2634 572 2695 cerones,
612 2612 807 2679 filium
833 2632 1089 2693 nempe,
1131 2629 1191 2677 et
1233 2629 1521 2693 nepotem
1542 2632 1616 2680 ex
1657 2611 1884 2694 fratte,
1928 2616 1985 2679 in
2031 2614 2251 2681 litteris
2292 2637 2437 2698 pro·

283 2694 467 2765 ficere
507 2696 618 2762 sub
657 2690 968 2775 disciplina
997 2692 1316 2775 Dionysii,
1355 2694 1669 2761 domestici
1736 2696 2147 2787 Praecetoris3
2190 2714 2283 2762 ast
2341 2692 2435 2763 al-

289 2794 484 2844 terum
504 2775 711 2843 fraeno
734 2822 756 2857 ,
780 2773 1110 2847 calcaribus
1129 2776 1388 2843 alterum
1420 2774 1725 2855 indigere.
1768 2774 1869 2843 De
1887 2772 2044 2842 Dion
2082 2796 2207 2857 sm,
2254 2778 2435 2845 Prae-

282 2874 532 2941 ceptore
589 2878 909 2940 puerorum
949 2856 1362 2945 Ciceronum,
1407 2858 1509 2937 qui
1552 2876 1753 2920 servus
1792 2853 1985 2923 fuerat
2108 2854 2239 2923 unii
2281 2901 2303 2937 ‚
2368 2876 2431 2927 et

283 2938 532 3021 Attici,
571 2942 610 3005 d
689 2958 762 3005 ue
797 2936 926 3017 eius
970 2934 1108 3019 fuga
1153 2954 1288 3017 post
1328 2930 1551 3025 furtum
1596 2936 1891 3004 librorum
1930 2934 2167 3019 aliquot
2207 2959 2279 3007 ex
2323 2938 2433 3005 Bi-

281 3020 580 3087 bliotheca
611 2958 941 3087 {iceronis
963 3064 985 3099 ,
1028 3017 1158 3087 vide
1201 3016 1260 3081 in
1301 3012 1627 3110 {pecuniae
1658 3016 1853 3111 ‘verbo
1890 3012 2210 3111 Dionysius·
2232 3066 2255 3088 .
2326 3020 2431 3087 De

277 3102 492 3187 eodem
534 3100 807 3186 loquitur
846 3100 992 3171 Cic.
1035 3100 1096 3167 in
1162 3094 1366 3165 mulus
1411 3096 1704 3179 Epistolts
1768 3098 1841 3163 ad
1906 3099 2239 3181 Atticum,
2278 3122 2431 3168 nunc

280 3204 422 3250 eum
464 3182 798 3259 laudando,
837 3202 990 3249 nunc
1029 3200 1166 3248 eum
1208 3178 1545 3270 damnando
1612 3197 1715 3245 tan
1764 3200 1903 3245 uam
1948 3180 2245 3261 ingratum
2289 3230 2311 3257 ‚
2366 3202 2430 3249 et

279 3264 598 3341 superbum
624 3311 648 3345 ,
687 3280 984 3343 exponens
1011 3304 1032 3335 ,
1073 3282 1136 3327 se
1161 3260 1370 3338 imuria
1412 3260 1492 3327 ab
1530 3280 1605 3326 eo
1645 3261 1747 3327 vio
1772 3280 1943 3329 atum
1982 3258 2200 3330 fuisse.
2259 3262 2429 3331 Cum
2492 3298 2497 3305 ·

277 3344 480 3412 filium
518 3346 808 3413 Marcum
849 3340 1126 3413 Athenas
1161 3342 1461 3423 misisset,
1506 3359 1572 3408 ut
1612 3340 1737 3411 illic
1780 3342 2047 3425 ingenuis
2104 3343 2431 3427 disciplinis

269 3442 527 3495 navaret
583 3446 873 3519 operam,
935 3424 1268 3491 decreverat
1315 3422 1565 3519 illucsse
1604 3422 1933 3519 conferre„
1969 3442 2035 3493 ut
2090 3422 2225 3492 filio
2260 3426 2430 3493 ades-

277 3524 417 3590 set,
459 3526 522 3573 et
561 3525 903 3597 praesentia·
933 3524 1038 3571 soa
1080 3506 1154 3572 ad
1195 3504 1387 3573 studia
1429 3504 1766 3573 litteratum
1810 3522 2140 3575 excitaret.
2204 3507 2303 3574 Ita
2346 3528 2435 3579 ex

280 3594 338 3655 Ε
376 3637 398 3656 .
427 3610 522 3672 ¹7·
565 3607 629 3656 et
668 3586 806 3656 aliis
848 3586 966 3652 leh.
1003 3607 1098 3668 ¹4·
1141 3586 1216 3653 ad
1258 3587 1579 3659 Atticum.
1628 3586 1881 3655 Interim
1945 3588 2175 3657 videtur
2212 3610 2425 3657 curam

275 3608 393 3737 fissi
423 3671 860 3737 commendasse
879 3665 1180 3764 nonnullis
1197 3668 1450 3763 amicis,
1491 3667 1629 3764 viris
1650 3670 1886 3745 doctis,
1928 3665 2186 3763 forsitan
2222 3670 2427 3738 Athe-

275 3752 580 3825 aiensibus
623 3747 1058 3823 Professortbus
1081 3794 1104 3831 ,
1142 3748 1711 3898 Iaeontdaenscthoet
1739 3793 1764 3832 ‚
1804 3750 2033 3821 Herodi
2053 3796 2077 3835 ,
2116 3750 2429 3898 ethXeno·

2147 3850 2193 3917 p
2234 3850 2347 3900 on·
