2985 4387
621 345 694 392 xx

523 425 852 500 sationem
899 423 1263 501 indicabit.
1354 419 1536 502 Inter
1600 417 1691 502 ea'
1747 447 1821 525 ty
1871 430 1925 500 is
1982 417 2235 504 dantur
2292 429 2674 508 nonnullae

523 521 1032 602 Dissertationes
1075 520 1166 592 de
1214 521 1418 592 rebus
1436 571 1458 609 ,
1504 543 1686 615 quae
1732 521 1819 593 ad
1878 543 1965 592 uc
2010 523 2142 594 sub
2184 523 2429 598 Iudice
2472 525 2697 614 sunt,'

517 631 586 682 et
631 613 722 682 de
765 609 1020 704 quibus
1063 617 1237 684 inter
1283 609 1567 685 Criticos
1612 618 1856 684 acriter
1896 611 2197 707 litigatur
2216 659 2238 681 .
2283 614 2545 686 Auctor
2576 615 2674 686 ad

517 700 732 771 ardua
777 701 994 772 nitens
1038 707 1111 774 in
1155 703 1386 776 multis
1431 727 1470 775 a
1516 707 1875 776 communi
1916 725 2101 775 nunc
2146 709 2477 798 temporis
2518 709 2680 798 opi-

519 797 725 862 nione
769 792 1028 864 recedit
1069 841 1092 882 ,
1163 816 1280 868 eas
1335 799 1635 867 rationes
1684 844 1709 884 ,
1766 811 1835 866 et
1904 813 2255 865 momenta
2320 789 2604 866 afferens
2647 844 2683 886 ‚

515 883 768 976 quibus
812 883 1180 956 conciliare
1229 885 1937 972 verisimilitudinem,
1984 903 2053 958 et
2116 884 2679 986 probabilitatem

519 992 809 1044 conatur
851 979 934 1045 iis
979 1025 1004 1062 ,
1072 997 1251 1069 quae
1299 997 1545 1070 parum
1593 977 1989 1049 verisimilia
2036 1015 2078 1065 ,-
2138 991 2209 1046 et
2278 974 2673 1067 probabilia

521 1085 708 1135 nunc
754 1083 1157 1156 censentur,
1201 1089 1322 1139 seu
1366 1087 1671 1160 quorum
1716 1087 1954 1139 caussa
2000 1087 2041 1136 a
2088 1065 2354 1136 Criticis
2398 1065 2682 1137 hodier-

517 1159 620 1224 nis
655 1153 991 1243 habetur,
1035 1175 1104 1227 et
1125 1164 1520 1230 aestimatur
1554 1157 1910 1252 deplorata
1930 1155 2448 1250 ,ostenditque,
2472 1159 2691 1226 nimis,

516 1267 812 1338 propere
833 1295 854 1334 ,
883 1263 962 1343 ,et
1022 1247 1242 1320 celere
1300 1249 1392 1319 de
1453 1249 1585 1318 illis
1616 1269 1777 1320 --esse
1824 1249 2207 1344 judicatum
2232 1294 2253 1315 .
2320 1245 2539 1337 Quod
2584 1267 2679 1316 an

520 1336 726 1407 fuerit
769 1354 1152 1425 assecutus,
1216 1337 1521 1424 Lectoris
1566 1343 1693 1412 erit
1736 1342 2027 1426 eruditi,
2072 1355 2141 1410 et
2208 1357 2431 1430 aequa
2476 1336 2677 1408 lance

520 1431 666 1498 sine
711 1427 941 1498 studio
983 1433 1282 1520 partium
1331 1435 1569 1500 omnia
1618 1431 2107 1524 perpenderitis
2155 1429 2678 1512 arbitrarizsae-

523 1539 614 1610 pe
659 1523 894 1606 enim,
939 1538 1016 1589 ut
1061 1520 1374 1592 Auctoris
1419 1523 1885 1611 verbis-utar,
1930 1520 2137 1592 olitor
2199 1535 2301 1590 est
2343 1537 2683 1612 opportu-

521 1631 614 1679 na
661 1608 970 1702 locutus,
1053 1631 1134 1680 ac
1211 1633 1356 1683 non
1399 1612 1618 1684 semel
1661 1618 1897 1688 evenit
1932 1661 1957 1699 ,
2000 1633 2294 1704 scopum
2340 1613 2507 1678 attin
2554 1624 2677 1679 ere

518 1704 749 1770 minus
795 1703 868 1770 in
912 1703 1303 1794 sagittando
1348 1709 1693 1797 peritum.
1742 1705 1821 1774 In
1870 1703 2257 1773 Paradoxis
2304 1697 2515 1768 Philo
2542 1701 2683 1792 ogi.-

446 1878 454 1888 ,
516 1797 616 1860 cis
656 1790 746 1863 de
801 1793 962 1862 Vita
981 1842 1002 1879 ,
1047 1813 1112 1861 et
1151 1789 1372 1876 Morta
1418 1845 1442 1882 ,
1512 1818 1636 1866 seu
1678 1794 1965 1865 Interitu
2026 1791 2303 1862 Latinae
2348 1789 2609 1882 linguae
2652 1837 2681 1877 ,

519 1905 704 1976 quae
748 1881 881 1953 sub
927 1906 1088 1953 meo
1133 1889 1418 1955 nomine
1463 1885 1637 1954 olim
1683 1885 1969 1977 vulgare
2014 1882 2115 1954 illi
2162 1881 2455 1975 placuit,
2502 1883 2685 1952 viro·

515 1997 672 2044 rum
731 1973 1163 2046 eruditorum
1207 1972 1482 2046 calculo
1562 1979 1661 2044 im
1714 1981 1961 2048 etravit
2004 1973 2311 2059 Auctor,
2356 1988 2433 2042 ut
2494 1991 2682 2064 quae

515 2065 608 2135 de
655 2064 897 2134 Latina
941 2065 1168 2156 lingua
1233 2085 1376 2135 non
1429 1997 1815 2136 incelegres
1876 2063 2112 2136 Critici
2164 2080 2514 2156 ,tanquam
2560 2073 2683 2132 eit-’-

514 2155 826 2248 plorata,
873 2157 1297 2249 minimeque
1345 2153 1607 2243 dubia,
1652 2173 1731 2228 ut
1775 2159 1935 2250 ipsis
1978 2153 2399 2240 videbatur,
2468 2150 2679 2224 tradi-

517 2244 798 2333 derant,
844 2265 988 2315 non
1037 2246 1217 2319 adeo
1241 2262 1428 2317 certa
1461 2268 1646 2331 esse,
1693 2265 1768 2319 ut
1791 2253 1919 2341 ipsi
1952 2242 2507 2331 arbitrabantur,
2552 2242 2681 2315 sed

467 2424 472 2431 Π
519 2334 634 2406 vel
705 2326 868 2406 falsa
907 2383 930 2423 ,
994 2353 1063 2407 et
1128 2358 1492 2429 perperam
1542 2340 1774 2410 decisa
1811 2389 1834 2429 ,
1901 2336 2020 2409 vel
2064 2336 2310 2407 saltem
2342 2384 2351 2393 -
2380 2335 2681 2427 amplius

516 2424 1594 2514 examinanda,demonstraritz
1639 2451 1784 2523 quo
1829 2435 1902 2499 in
1944 2450 2142 2521 spem
2189 2430 2383 2499 venit
2414 2474 2439 2514 ,
2486 2424 2687 2495 idern

517 2516 609 2589 de
655 2520 774 2603 iis,
820 2536 1002 2607 quae
1047 2518 1118 2587 in'
1163 2518 1736 2611 disceptationem
1806 2520 2095 2593 adducit
2138 2518 2175 2608 (
2220 2517 2381 2587 licet
2452 2515 2681 2587 videri

520 2611 733 2702 possit
777 2627 1088 2677 caussam
1135 2606 1571 2701 deploratam
1618 2614 1846 2704 tueri)
1892 2626 2047 2702 post
2090 2608 2302 2681 lectas
2326 2654 2350 2695 ,
2418 2628 2683 2699 expen-

524 2720 770 2793 sasque
819 2704 1112 2767 rationes
1157 2719 1312 2769 suas
1357 2698 1637 2769 tandem
1701 2698 2063 2771 Lectorem
2131 2720 2437 2792 aequum
2504 2696 2693 2791 arbi-1

523 2808 858 2862 traturum
883 2834 901 2853 .
948 2785 1026 2855 ln
1063 2790 1405 2860 nonnullis
1452 2789 1789 2883 judicium
1822 2812 2027 2862 suum
2071 2794 2504 2883 interponere
2538 2807 2685 2861 non

513 2881 779 2967 audet,
826 2876 948 2949 sed
995 2898 1078 2948 ea
1125 2882 1199 2948 in
1245 2880 1580 2973 ambiguo
1623 2880 1978 2975 relinquit.
2024 2880 2463 2953 Novit-enim
2532 2898 2684 2948 rem

520 2974 815 3045 arduam
861 2991 1000 3039 non
1031 2974 1254 3041 minus
1288 2993 1430 3043 esse
1476 2970 1709 3043 dubiis
1752 2970 1965 3043 fidem
2000 2972 2367 3042 conciliare
2393 3020 2416 3055 ,
2460 2990 2679 3063 quam

521 3067 806 3134 vetustis
831 3065 1210 3134 novitatem
1247 3063 1453 3149 dare,
1484 3064 1810 3135 obsoletis
1845 3069 2177 3150 nitorem,
2201 3062 2511 3133 fastiditis
2533 3078 2687 3151 gra-

523 3158 694 3225 tiam
740 3202 762 3241 ,
834 3169 904 3221 et
947 3150 1250 3222 obscuris
1293 3150 1529 3224 lucem
1576 3152 1811 3226 afferre
1846 3200 1869 3241 ,
1950 3172 2019 3224 et
2062 3148 2323 3229 idcirco
2370 3155 2683 3223 virorum
2766 3160 2783 3169 ·

524 3265 599 3316 se
643 3242 1035 3323 doctiorum
1081 3242 1505 3314 decisionem
1542 3296 1574 3332 ,
1637 3262 1705 3317 et
1770 3246 2101 3339 majorem
2169 3241 2400 3312 lucem
2448 3262 2689 3334 exspe-

529 3353 710 3405 ctat.
778 3330 858 3399 In
925 3335 1002 3400 iis
1066 3349 1298 3401 autem
1339 3372 1394 3421 ,·
1485 3358 1612 3405 uae
1658 3344 1803 3428 ipse
1848 3340 2211 3428 opinatur,
2254 3348 2325 3401 et
2383 3331 2683 3429 Probare
2778 3344 2789 3351 ·

525 3429 806 3519 satagit,
853 3438 930 3491 ut
977 3426 1329 3492 nerninem
1377 3424 1599 3495 ulum
1668 3426 1759 3495 ad
1829 3426 1957 3497 sibi
2004 3422 2515 3495 assentiendum
2562 3443 2683 3493 co-
2796 3504 2807 3513 ,

527 3522 670 3611 git,
719 3514 839 3589 sed
887 3518 1229 3604 integrum
1274 3518 1527 3609 cuique
1562 3518 1897 3611 judicium
1942 3538 2145 3587 suum
2193 3514 2486 3585 libenter
2534 3534 2685 3606 per·
2726 3567 2743 3587 .

529 3612 777 3689 mittit3
821 3610 912 3673 ita
945 3600 1088 3699 j‘ure
1134 3624 1261 3688 suo
1288 3606 1377 3674 ab
1425 3612 1662 3701 aequis
1708 3602 2528 3701 rerum-aestimatoribus

527 3698 771 3783 stulat,
815 3696 945 3765 sibi
993 3694 1330 3782 concedi,
1377 3696 1484 3767 ab*
1516 3695 1666 3769 aliis
1712 3697 2063 3772 dissentire
2106 3724 2127 3785 3
2192 3705 2373 3767 cum‘
2420 3699 2493 3765 in
2602 3720 2687 3767 u·
2776 3707 2831 3761 ’.

528 3794 656 3863 biis
701 3840 725 3879 ,
794 3806 862 3859 et
931 3789 1382 3858 controversis
1413 3836 1436 3877 ,
1494 3811 1620 3862 seu
1657 3790 1757 3863 de
1802 3788 2055 3885 quibus
2096 3785 2229 3857 sub
2272 3784 2304 3861 J
2312 3785 2514 3883 udice
2560 3786 2727 3859 liti··

1463 3930 1471 3937 .
1532 3927 1537 3933 .
2470 3896 2613 3971 ga-.
