2985 4387
639 199 678 250 2

1546 277 1719 349 Ac

639 442 939 526 Aeacius,
982 449 1206 511 Luscus
1239 441 1468 527 dictus,
1512 442 1759 514 Eusebii
1800 441 2215 526 Caesareensis
2251 441 2394 512 disci
2440 441 2569 512 ulus
2589 492 2609 526 ,
2650 457 2717 516 et

560 523 624 592 in
661 529 1026 610 Episcopatu
1063 547 1400 609 successor,
1443 525 1540 593 vir
1578 528 1825 607 doctus,
1866 543 1929 593 et
1968 525 2287 619 eloquens,
2327 549 2355 594 s
2448 527 2717 596 Arianos

564 605 910 675 vaferrimus
933 657 953 690 ,
995 623 1054 674 et
1090 607 1364 679 Eusebiis
1401 607 1870 676 addictissimus.
1916 608 2065 688 Ejus
2084 609 2287 700 Opera
2310 655 2333 687 ,
2376 627 2713 702 memorata

561 711 596 754 a
619 689 681 756 S.
705 689 1117 772 Hieronymo,
1158 693 1440 770 Socrate,
1479 708 1538 756 et
1578 691 1914 758 Sozomeno
1940 707 2076 756 sunt
2114 699 2255 756 Vita
2283 689 2521 756 Eusebio
2560 698 2718 756 Cae-

562 768 855 838 sar-censis
896 794 912 836 t
975 773 1380 854 septemdecim
1441 767 1757 840 volumina
1824 768 1888 834 in
1954 767 2365 837 Ecclesiastem
2394 819 2415 853 ,
2475 788 2536 836 et
2596 771 2712 839 alii

561 851 942 920 Tractatus.
988 857 1080 921 Ex
1107 853 1196 920 bis
1223 855 1529 936 Operibus
1544 873 1723 937 pauca
1746 870 2093 934 supersunt.
2134 853 2193 918 S.
2226 853 2597 920 Athanasius
2636 853 2715 920 de

561 953 637 1000 eo
661 935 934 1017 scripsit,
974 935 1148 1003 fuisse
1189 939 1260 1014 ad
1302 957 1547 1004 omnem
1593 935 1965 1018 impietatem
1990 933 2487 1001 audacissimum.
2530 934 2715 1002 Obiit

563 1013 829 1082 Aeacius
868 1037 1030 1110 anno
1073 1015 1308 1084 Christi
1355 1023 1501 1102 366.
1528 1018 1677 1084 Sunt
1718 1017 1821 1112 qui
1869 1013 1923 1078 ei
1969 1015 2231 1111 tribuant
2264 1034 2341 1111 ,4.
2384 1011 2713 1109 libros-Vi-

563 1111 663 1164 tae
701 1099 1090 1166 Constantini
1132 1100 1402 1179 vulgatos
1443 1097 1553 1166 sub
1596 1118 1836 1163 nomme
1876 1115 2145 1176 magistri
2190 1116 2321 1164 sut.
2362 1097 2519 1163 Sunt
2566 1101 2713 1172 trem

607 1179 666 1248 ui
709 1181 1068 1261 opinentur,
1109 1203 1243 1248 eum
1286 1179 1461 1248 fuisse
1508 1179 1925 1261 Presbyterum
1984 1175 2163 1244 illum
2222 1179 2713 1246 commendatum

627 1263 974 1329 onstantino
1015 1261 1124 1330 M.
1162 1283 1196 1326 a
1239 1284 1434 1329 sorore
1475 1261 1834 1328 Constantia
1858 1303 1880 1338 ,
1920 1260 2107 1326 morti
2152 1258 2467 1342 proxima,
2510 1276 2571 1326 et
2613 1259 2713 1328 cui

559 1341 992 1409 Constantinus
1031 1344 1273 1410 credidit
1315 1360 1781 1420 testamentum,
1824 1342 2169 1408 tradendum
2216 1361 2347 1422 post
2406 1362 2712 1426 excessum

557 1439 733 1498 suum
777 1423 961 1504 filiis,
1004 1425 1270 1512 illudque
1309 1426 1618 1490 tradidisse
1664 1425 2070 1501 Constantio,
2114 1420 2391 1490 vitiatum
2436 1423 2494 1492 in
2538 1419 2715 1490 favo-

555 1521 684 1570 rem
729 1503 1120 1585 Constantii,
1179 1526 1243 1572 ut
1301 1499 1432 1587 eius
1468 1503 1942 1572 benevolentiam
1985 1517 2250 1586 captaret
2276 1549 2295 1588 ,
2338 1521 2399 1570 et
2441 1521 2509 1570 ut
2548 1509 2715 1572 fave-

555 1603 650 1650 ret
689 1585 990 1654 Arianis:
1037 1589 1198 1673 quod
1241 1588 1623 1673 impetravit.
1668 1585 1823 1664 Eius
1866 1585 2257 1667 instigatione
2312 1584 2713 1652 Constantius

555 1665 868 1744 Liberium
905 1669 1141 1754 Papam
1187 1670 1246 1734 in
1287 1667 1565 1739 exsilium
1610 1669 1922 1752 misit,‚et
1965 1669 2025 1732 in
2064 1665 2193 1746 eius
2232 1663 2429 1732 locum
2476 1665 2711 1734 suffecit

516 1742 862 1830 reticem,
904 1769 1074 1818 antea
1124 1747 1466 1831 Asianum,
1512 1749 1614 1816 vel
1674 1743 2049 1817 Arianorum
2092 1747 2401 1842 amicum,
2444 1749 2549 1834 qui
2610 1766 2708 1814 ta-

552 1849 704 1906 men,
735 1831 900 1914 Papa
945 1849 1176 1900 creatus
1217 1833 1657 1904 Constantium
1704 1831 2066 1898 haereticum
2106 1823 2475 1897 declaravit.
2674 1835 2685 1857 ¹

633 1919 1054 1983 Accusatores.
1098 1917 1337 1994 Romae
1379 1917 1436 1979 in
1482 1913 1671 1980 libera
1715 1911 1955 1994 Repub.
2013 1905 2388 1994 publicorum
2446 1917 2709 1978 Accusa-

555 2006 746 2066 torum
785 1998 945 2075 apud
987 1997 1262 2089 judices,
1301 2013 1359 2062 et
1406 1991 1707 2076 Populum
1746 2011 1988 2058 munere
2041 1989 2435 2072 fungebantur
2474 1992 2708 2060 Orato-

413 2129 428 2146 ,
549 2095 648 2144 res
675 2123 697 2156 ,
743 2095 998 2161 quorum
1027 2073 1415 2144 Orationes-in
1445 2073 1797 2143 criminosos
1818 2071 2091 2138 Actiones
2126 2071 2509 2142 dicebantur.
2550 2073 2707 2158 Quo

549 2173 756 2249 autem
817 2157 1078 2226 differret
1119 2153 1294 2225 Actio
1332 2178 1366 2223 a
1416 2153 1733 2250 Concione
1757 2206 1778 2237 ‚
1815 2154 2005 2248 tradit
2044 2153 2277 2222 Gellius
2319 2157 2370 2222 l.
2398 2169 2567 2239 13.c.
2604 2176 2701 2237 14.

553 2244 834 2311 Noctium
853 2282 872 2305 .
895 2236 1078 2309 Nunc
1103 2262 1316 2309 munus
1332 2246 1712 2307 Accusamus
1731 2238 1787 2303 in
1808 2237 2031 2317 ,udicio
2050 2237 2122 2302 ad
2148 2236 2300 2303 Fisci
2326 2236 2701 2315 Advocatos,

549 2337 655 2385 seu
699 2317 968 2387 fiscales
1007 2322 1250 2403 Regios
1278 2338 1547 2403 spectate
1636 2317 1752 2385 uod
1794 2340 2007 2401 munus
2052 2318 2156 2382 viri
2199 2338 2267 2383 ex
2316 2319 2473 2409 erti,
2512 2318 2699 2411 ‘docti

552 2414 618 2466 et
659 2403 976 2480 prudentes
1017 2417 1294 2471 exercent
1323 2449 1343 2469 .
1389 2402 1549 2471 Vide
1664 2400 1931 2468 artolum
1996 2401 2061 2465 in
2118 2406 2257 2481 Sym
2298 2398 2420 2465 olrs
2475 2398 2592 2469 hb.
2636 2418 2699 2472 2.

559 2476 702 2562 §.2-
729 2525 752 2561 ‚
793 2503 852 2549 et
897 2484 1104 2549 Verbo
1147 2484 1456 2551 Delatores
1496 2486 1553 2550 in
1600 2489 1699 2549 D.
2496 2518 2521 2545 a

633 2558 926 2633 Actius-in
947 2562 1378 2641 Didascalico(
1398 2566 1560 2649 quod
1602 2582 1753 2649 opus
1772 2557 2423 2639 desideraturjcitatur
2460 2580 2497 2627 a
2538 2556 2701 2629 Gel-

545 2638 638 2712 lio
678 2645 725 2711 l.
745 2664 807 2729 3.
848 2668 899 2713 c.
929 2666 1064 2728 11„
1104 2648 1203 2715 ubi
1245 2648 1318 2713 de
1340 2644 1643 2726 Homeri,
1686 2664 1747 2711 et
1792 2644 2039 2711 Hesiodi
2101 2660 2335 2711 aetate.
2398 2640 2542 2711 Illic
2608 2642 2700 2719 ait

539 2723 826 2808 Gellius,
869 2724 1112 2793 Actium
1156 2728 1386 2797 levibus
1428 2730 1637 2795 nixum
1698 2725 2027 2793 rationibus
2091 2724 2431 2793 Homerum
2492 2723 2703 2817 fecisse

541 2802 818 2875 Hesiodo
857 2826 1000 2875 natu
1044 2808 1380 2879 minorem.
1421 2812 1675 2889 Citatur
1710 2804 1861 2874 alibi
1903 2829 1937 2873 a
1985 2805 2198 2874 Gellio
2243 2808 2303 2874 in
2349 2804 2701 2889 Pelopidas,

531 2886 639 2972 qui
683 2888 894 2983 titulus
915 2890 1336 2970 comoediae,
1379 2890 1474 2959 vel
1496 2888 1880 2973 Tragoediae
1897 2904 2063 2970 erat,
2150 2908 2259 2956 uae
2294 2886 2700 2954 desideratur.

621 2982 838 3039 Actius
878 2970 1010 3053 (L.)
1037 2974 1400 3041 Pisaurensis
1419 2976 1693 3051 Orator,
1734 2974 2031 3039 accusavit
2064 2970 2123 3037 C
2152 2972 2467 3052 nentium,
2504 2966 2701 3037 desen·

541 3072 674 3121 sum
715 3074 748 3119 a
793 3053 1133 3123 Cicerone.
1170 3052 1340 3121 Actii
1381 3054 1593 3123 Oratio
1632 3054 2031 3121 desideratur.

625 3130 848 3229 Actius
865 3184 886 3215 ,
906 3132 1252 3203 Comoedus
1274 3186 1294 3218 ,
1315 3136 1405 3203 his
1435 3136 1725 3220 posterior
1745 3182 1767 3215 ,
1790 3135 2021 3229 videtur
2048 3152 2249 3227 servus
2268 3124 2483 3228 fuisse,
2509 3150 2695 3227 quem

541 3232 971 3283 manumittere
997 3214 1286 3286 Tiberius
1327 3238 1567 3287 coactus
1606 3237 1733 3284 est.
1778 3216 1941 3283 Vide
1966 3216 2311 3307 Suetonium
2346 3234 2411 3307 tn
2455 3212 2699 3281 Tiberio

541 3296 810 3377 cap.4'7.
837 3296 938 3363 De
977 3296 1114 3363 aliis
1151 3297 1392 3379 Acriis,
1433 3298 1527 3365 vel
1570 3295 1814 3375 Acciis,
1852 3294 1991 3362 'vide
2036 3294 2095 3359 in
2138 3302 2505 3377 specimine.

621 3374 920 3449 Acuticus
954 3377 1162 3462 (M),
1203 3378 1849 3463 comoediographus,
1907 3378 1999 3443 cui
2047 3375 2251 3443 Varro
2293 3377 2505 3442 tribuit
2546 3398 2694 3443 non-

542 3458 742 3605 nulisas
784 3456 1132 3555 qomoedias
1164 3504 1188 3541 ,
1247 3482 1402 3545 quae
1445 3460 1667 3529 Plauto
1704 3458 2188 3538 adscribebantur
2212 3504 2235 3527 .
2298 3458 2464 3526 Vide
2500 3460 2575 3525 de
2614 3476 2693 3525 eo

547 3558 614 3605 m
737 3562 1020 3609 eamme.
1111 3606 1120 3617 ,

625 3560 858 3716 „agnus
899 3624 926 3701 (
971 3620 1314 3691 Philonides
1355 3621 1747 3717 )·Meglicus,
1788 3620 2049 3717 quipub
2090 3623 2378 3713 Augusto
2418 3618 2623 3691 floruit
2650 3660 2691 3707 h,

539 3716 602 3769 et
639 3722 863 3775 citatur
903 3728 938 3775 a
983 3704 1186 3775 Plinio
1227 3706 1289 3777 in
1326 3710 1598 3778 Hcs-tom
1641 3704 1973 3776 Naturale.
2432 3778 2542 3853 Ad

668 3823 676 3833 .
2536 3803 2611 3848 a·
