2985 4387
683 332 832 387 too
1635 306 1683 372 F
1726 305 1793 372 U

1319 428 2067 503 Conotzanruu.

689 572 903 639 „Funus
958 552 1251 627 nobilium
1291 552 1713 625 Romanorum
1769 577 1984 640 magna
2024 578 2163 627 eum
2203 554 2581 625 solemnitate
2620 554 2756 625 fieri

613 644 848 715 solebat
884 689 906 711 .
987 638 1154 709 Vide
1194 636 1538 723 Apotheosis
1580 640 1639 704 in
1686 640 1753 706 A
1796 686 1815 706 .
1902 642 2050 707 Non
2092 640 2273 707 semel
2318 641 2479 721 paria
2520 640 2757 726 aliquot

614 726 1033 795 Gladiatorutn
1071 720 1224 787 eirea
1263 741 1477 806 rogum
1516 720 1927 803 depugnabant
1972 768 1992 788 .
2077 723 2144 789 A
2213 720 2487 789 Praefieis
2548 738 2759 790 eanta-

616 808 838 875 bantur
878 802 1189 884 Naeuiae,
1230 822 1330 868 seu
1373 801 1667 870 Carmina
1710 801 1980 883 lugubria
2024 800 2085 868 in
2129 802 2413 870 honorem
2452 800 2705 883 defuncti
2738 846 2761 867 .

617 887 824 955 Oratio
865 889 1049 955 etiam
1081 880 1599 967 funebris-recitari
1645 884 1913 962 solebat,
1952 901 2011 950 et
2056 884 2171 951 ima
2218 886 2336 952 ines
2376 884 2637 951 virorum
2680 882 2761 949 il·

613 970 895 1040 lustrium
965 967 1024 1031 in
1067 963 1372 1047 defuncti„
1411 984 1473 1031 et
1516 966 1987 1047 propinquorum
2030 964 2172 1032 sami
2206 966 2278 1031 iis
2311 1012 2331 1045 ‚
2375 986 2448 1031 ex
2490 962 2755 1031 delmeti

613 1053 859 1119 aedibus
906 1046 963 1113 in
1007 1044 1204 1113 locum
1240 1089 1262 1125 ‚
1303 1046 1402 1112 ubi
1444 1047 1694 1113 cadaver
1736 1046 2057 1127 urebatur,
2116 1046 2325 1113 deferri
2370 1068 2503 1113 mos
2562 1062 2691 1111 erat
2737 1092 2759 1111 .

617 1134 693 1201 In
737 1132 936 1199 funere
975 1128 1228 1208 Juniae,
1267 1126 1444 1194 Bruti
1487 1128 1701 1193 matris
1727 1174 1746 1205 ,
1790 1147 1871 1193 20
1916 1124 2234 1195 illustrium
2272 1128 2639 1196 familiarum
2704 1129 2761 1192 i-

615 1214 881 1295 magines
919 1207 1216 1276 antelatae
1253 1226 1386 1276 sunt
1410 1254 1431 1290 ,
1472 1223 1624 1275 teste
1660 1208 1854 1275 Com.
1896 1206 2127 1275 Tacito
2168 1218 2328 1277 Ann.
2370 1212 2483 1295 l.3.
2526 1209 2584 1275 in
2604 1206 2767 1276 fine.

615 1296 790 1363 Ante
828 1290 1034 1376 Syllae
1075 1307 1344 1371 tempora
1407 1312 1541 1358 mos
1607 1289 1849 1363 Romae
1907 1310 2027 1357 non
2069 1308 2196 1355 erat
2259 1296 2459 1358 urendi
2504 1290 2764 1357 cadave-

616 1397 726 1452 ra,
763 1375 863 1443 sed
906 1368 1338 1457 sepeliebantur
1375 1410 1408 1439 .·
1476 1372 1711 1440 Plinius
1770 1370 1878 1441 lib.
1908 1379 2020 1438 '10.
2061 1368 2229 1439 Hist.
2287 1382 2435 1441 Nat.
2479 1391 2609 1454 cap.
2648 1395 2760 1453 4³·

617 1475 820 1523 narrat
860 1454 1124 1522 solemne
1163 1449 1335 1521 sunus
1375 1449 1530 1519 serio
1594 1452 1819 1521 factum
1862 1454 2101 1521 Romae
2164 1455 2380 1521 Corvo
2446 1454 2763 1532 cujusdam

615 1537 850 1606 Sutoris
880 1585 903 1619 ,
941 1534 1050 1620 qui
1089 1548 1321 1627 mature
1358 1534 1613 1602 sermoni
1654 1532 2019 1621 assuefactus
2058 1532 2326 1601 omnibus
2364 1532 2519 1602 horis
2558 1552 2767 1601 matu·

618 1614 769 1685 tinis
807 1620 1052 1711 evolans
1070 1663 1090 1700 ,
1133 1637 1196 1680 tn
1237 1632 1421 1683 rostra
1444 1664 1465 1699 ,
1508 1616 1572 1684 in
1601 1615 1803 1704 forum
1842 1638 2049 1686 versus
2071 1664 2093 1699 ,
2132 1613 2458 1710 ‚Tiberium
2478 1662 2501 1695 ‚
2530 1614 2761 1683 deinde

617 1708 1032 1767 Germanicum
1049 1742 1073 1779 ,
1111 1714 1188 1765 et.
1208 1703 1472 1767 Drusum
1536 1708 1820 1765 Caesares
1858 1698 2207 1765 nominatim
2238 1746 2257 1778 ,
2299 1722 2431 1764 mox
2453 1718 2761 1765 transeun-

616 1798 735 1847 tem
790 1782 1073 1866 populum
1116 1786 1289 1847 Rom.
1325 1778 1675 1873 salutabat.
1719 1785 1927 1872 Postea
1964 1782 2051 1861 ad
2088 1779 2391 1872 tabernam
2435 1802 2701 1871 remeans:
2734 1828 2758 1861 ‚

615 1860 890 1947 plurium
932 1884 1213 1929 annorum
1255 1860 1494 1928 assiduo
1512 1858 1695 1942 officio
1722 1877 1969 1929 meritus
1992 1908 2013 1929 .
2052 1868 2224 1927 Hunc
2258 1884 2389 1929 seve
2407 1862 2767 1927 aemulatio·

575 1942 582 1949 ’
621 1968 694 2010 ne
713 1940 1000 2011 incitatus
1019 1959 1295 2027 manceps
1326 1937 1629 2034 proximae
1666 1940 1930 2008 sutrinae
1952 1988 1979 2034 2
2012 1938 2145 2011 sive
2192 1939 2506 2034 iracundia
2526 1937 2761 2022 subita,

515 2078 518 2082 -
620 2043 692 2093 ut
731 2023 929 2093 voluit
971 2022 1208 2106 videri,
1271 2040 1652 2089 excrementis
1688 2022 1815 2107 ejus
1849 2040 2043 2106 posita
2087 2025 2302 2090 calceis
2338 2024 2579 2091 macula
2618 2047 2765 2089 exa-

619 2103 926 2184 nimavit,
973 2122 1143 2187 tanta
1176 2100 1382 2189 plebis
1415 2102 1871 2170 consternatione
1895 2153 1916 2186 ,
1976 2122 2048 2170 ut
2080 2102 2277 2203 primo
2330 2108 2541 2188 pulsus
2576 2128 2648 2170 ex
2689 2128 2764 2169 ea

621 2184 889 2281 regione,
931 2211 1062 2279 mox
1117 2205 1176 2280 et
1219 2182 1608 2269 interemptus
1642 2182 1727 2252 sit
1767 2183 1953 2280 (3⁸9er
1988 2210 2195 2256 occisor
2214 2188 2587 2286 ‚VFunusque
2640 2184 2769 2254 ali·

627 2287 681 2333 τι
725 2273 1043 2334 innumeris
1080 2286 1167 2335 stt
1205 2265 1561 2335 celebratum
1605 2289 1869 2353 exequiis
1885 2316 1904 2335 .
1944 2277 2329 2348 Com-tratum
2384 2272 2603 2336 lectum
2664 2292 2771 2334 su-

615 2367 724 2434 per
759 2345 1115 2441 Aethiopum
1154 2347 1400 2416 duorum
1446 2347 1747 2432 humeros,
1778 2349 2154 2434 praecedente
2193 2347 2439 2416 tibicine
2456 2399 2478 2434 ‚
2518 2367 2578 2419 et
2616 2371 2777 2416 coro-

619 2437 719 2497 nis
753 2450 1012 2496 omnium
1045 2453 1326 2515 generum
1366 2430 1450 2496 ad
1495 2455 1696 2514 rogum
1737 2455 1918 2516 usque
1940 2479 1961 2512 ,
2001 2431 2108 2514 qui
2148 2448 2517 2498 constructus
2552 2431 2771 2498 dextra

625 2509 768 2578 viae
808 2509 1043 2606 Appiae
1061 2560 1082 2595 ,
1124 2513 1207 2580 ad
1242 2511 1561 2580 secundum
1601 2508 1863 2596 lapidem
1906 2509 1973 2577 in
2013 2532 2213 2595 campo
2254 2511 2537 2582 Rediculi
2560 2515 2773 2599 appel-

627 2593 752 2660 lato
782 2591 918 2677 furt
937 2640 956 2662 .
987 2593 1164 2687 ‘Adeo
1202 2589 1357 2660 satis
1423 2591 1595 2686 justa
1636 2617 1849 2678 caussa
1866 2608 1874 2614 ’
1891 2601 2034 2687 Pop0
2078 2604 2339 2662 Romano
2378 2591 2520 2663 visa
2560 2615 2647 2661 est
2666 2619 2770 2662 ex-

625 2672 936 2759 equiarum
977 2671 1286 2760 ingenium
1333 2696 1511 2752 avis,
1554 2675 1999 2768 a·ut·suppltcti
2064 2675 2139 2742 de
2178 2674 2333 2744 Cive
2396 2685 2661 2742 Romano
2701 2675 2771 2742 in

624 2780 694 2825 ea
738 2756 887 2824 Urbe
906 2803 929 2839 ‚
965 2779 1090 2839 qua
1130 2757 1447 2823 multorum
1491 2763 1838 2839 Principum
1899 2779 2061 2823 nemo
2122 2755 2445 2824 deduxerat
2506 2759 2703 2827 Funus
2740 2807 2769 2828 .

622 2836 720 2906 Sci
763 2834 913 2904 ionis
950 2861 1086 2906 vero
1124 2834 1504 2918 Aemiliani,
1565 2857 1699 2921 post
1759 2835 2151 2907 Numantiam
2216 2837 2767 2924 Carthaginemque

625 2921 702 2988 de
729 2939 860 3013 ²²:¹5
882 2965 903 2997 ‚
940 2917 1020 2985 ab
1058 2943 1120 2987 eo
1159 2944 1321 2987 nemo
1362 2915 1783 2988 vindicaverat
1824 2939 2063 2988 mortem
2083 2969 2125 3015 .·
2186 2927 2309 2986 Hoc
2364 2940 2606 3006 gestum
2668 2931 2769 2988 Μ.

625 3003 878 3069 Ser-utho
903 3047 924 3082 ,
961 3009 1036 3068 C.
1075 3000 1276 3069 Cestio
1317 3010 1479 3068 Coss.
1520 3001 1604 3070 ad
1728 3004 1873 3071 Kal.
1913 3001 2152 3086 Aprilis
2185 3048 2207 3070 .
2296 3001 2396 3070 Ita
2462 3000 2766 3071 Plinius..

629 3081 904 3150 Forsitan
949 3102 1070 3148 non
1113 3082 1346 3152 defuere
1387 3085 1446 3150 in
1488 3081 1604 3151 hoc
1640 3020 1843 3152 iuuere
1884 3081 2221 3160 Praefieae‚
2295 3101 2452 3168 quse
2496 3085 2773 3152 Naenias

629 3173 905 3231 canerent
962 3163 1026 3227 in
1087 3164 1280 3231 Corvi
1321 3182 1448 3231 tam
1494 3166 1777 3246 ingeniosi
1822 3165 2097 3233 laudem.
2182 3163 2456 3233 Forsitan
2495 3168 2681 3232 etiam
2698 3165 2767 3232 in

631 3260 794 3336 tanta
837 3243 1169 3334 oratorum
1209 3245 1378 3323 eopia
1420 3266 1537 3310 non
1577 3243 1765 3312 defuit
1791 3294 1812 3328 ‚
1866 3247 1981 3331 =qui
2045 3244 2239 3313 Corvi
2315 3245 2541 3330 populo
2599 3245 2777 3312 valde

611 3343 750 3390 'cari
793 3330 1134 3388 Orationem
1162 3321 1470 3406 funebrem
1514 3325 1843 3393 lucubraret
1864 3374 1883 3405 ‚
1925 3344 1986 3392 et
2026 3329 2300 3395 recitaret
2347 3352 2369 3408 ς
2436 3327 2577 3396 lieet
2642 3327 2775 3394 Pli-

632 3403 766 3470 nius
809 3403 865 3468 id
913 3423 1036 3494 non
1077 3424 1276 3472 narret
1302 3451 1330 3480 .,
1363 3405 1510 3471 Post
1550 3404 1745 3472 Corvi
1788 3405 1965 3487 huius
2008 3414 2212 3473 Funus
2288 3430 2533 3491 campus
2596 3406 2702 3474 ille
2744 3453 2767 3482 .

633 3485 695 3549 in
737 3505 860 3566 quo
902 3505 1037 3559 ejus
1076 3485 1327 3550 cadaver
1365 3504 1565 3553 ustum
1611 3484 1766 3570 fuit,
1804 3509 1922 3556 non
1966 3484 2249 3555 Rediculi
2278 3537 2305 3572 ‚
2341 3491 2441 3556 sed
2486 3486 2772 3556 Ridiculi

599 3585 876 3644 ‚campus
916 3563 1120 3630 debuit
1158 3563 1446 3648 appellari
1486 3589 1506 3632 τ
1572 3567 1685 3634 nisi
1724 3616 1745 3650 ,
1807 3568 1856 3634 si
1920 3567 2032 3638 hae
2075 3570 2373 3651 Populum
2416 3571 2774 3639 Romanum

633 3641 1040 3726 appellatione
1077 3645 1418 3714 donandum
1479 3649 1678 3727 potius
1736 3649 2029 3735 quispiam
2090 3653 2407 3718 arbitretur
2446 3699 2468 3718 .
2532 3651 2767 3718 Plinius

636 3723 856 3820 {aetum
898 3723 1014 3792 hoe
1055 3743 1295 3794 narrans
1383 3727 1572 3796 multa
1614 3729 1903 3797 miratur.
1944 3731 2063 3798 Sed
2102 3731 2255 3799 mihi
2298 3731 2503 3799 mirari
2544 3733 2704 3799 subit
2746 3777 2771 3812 ‚

595 3806 900 3891 „Plinium
938 3807 1174 3897 sutoris·
1203 3853 1228 3892 ,
1285 3808 1480 3882 Corvi
1522 3809 1699 3895 hujus
1736 3811 2073 3895 Magistri,
2114 3833 2335 3884 nomeu
2390 3811 2775 3885 litteris-non

1376 3950 1392 3977 x
2152 3911 2163 3918 ·
2554 3913 2707 3963 eon·
