2985 4387
593 280 710 415 ro6
1472 325 1537 395 R
1578 328 1657 421 O,

507 440 747 505 ritatem
772 482 792 518 ,
832 446 977 501 teste
1012 432 1074 503 S.
1118 430 1283 513 Aug.
1304 432 1349 499 Ι.
1370 438 1411 500 6
1432 478 1453 511 ,
1492 454 1546 499 c.
1574 454 1668 513 14„
1684 456 1926 501 suarum
1951 430 2210 517 confess.
2250 432 2354 502 ubi
2399 451 2600 505 narrat
2621 428 2661 516 ,⁸

503 542 639 588 cum
684 515 999 610 decrevisse
1036 537 1171 611 cum
1213 516 1423 611 amicis
1451 513 1641 593 aliis,
1681 518 1835 585 inter
1873 518 2083 603 quos‘i
2131 538 2192 583 se
2237 518 2602 596 Augustinus
2626 522 2666 599 ,-

504 604 629 668 vita
670 616 971 667 commum
1016 610 1383 682 vivere,'tta
1445 612 1514 663 ut
1579 600 1784 665 omnia
1825 618 2032 667 eorum
2177 619 2251 664 na
2292 600 2646 667 communia

505 699 737 750 essent·
1308 718 1319 731 “

592 761 885 829 Romulus
910 804 931 826 .
1002 758 1165 827 Vide
1220 755 1522 841 ,Quirinus
1579 758 1637 825 in
1695 760 1787 845 Q,
1833 759 1986 840 Eius
2049 761 2338 843 sapientia
2405 758 2656 829 laudata
2709 784 2714 787 ·

502 843 617 910 fuit
663 843 721 907 in
764 842 983 907 Senatu
1043 862 1079 907 a
1124 840 1411 932 ,Tiberio
1468 842 1731 908 Caesare
1770 842 2096 921 suadente,
2138 846 2195 909 in
2235 844 2518 909 Senatum
2544 863 2658 936 ‘ex

501 922 713 992 Gallia
762 923 1027 989 Comata
1054 968 1073 1001 ‚
1121 943 1239 997 jam
1280 923 1530 989 civitate
1566 926 1816 991 donatos
1839 970 1860 1005 ,
1901 926 2296 993 admittendos
2317 926 2562 989 Romuli
2590 944 2662 988 e-

501 1002 789 1087 xemplo,
834 1005 937 1087 qui
980 1004 1187 1071 eodem
1230 1004 1328 1068 die
1368 1004 1565 1071 hostes
1591 1050 1612 1085 ,
1656 1024 1716 1069 et
1759 1005 1917 1073 cives
1962 1006 2169 1074 habuit
2211 1004 2523 1091 plerosque
2565 1005 2658 1067 vi-

502 1088 667 1155 cinos
710 1084 1019 1169 Populos:
1068 1102 1189 1167 quo
1228 1083 1387 1150 facto
1432 1084 1704 1153 Romam
1730 1085 2124 1169 amplificavit
2147 1134 2168 1167 ,
2207 1105 2266 1153 et
2303 1086 2521 1154 incolis
2550 1106 2664 1151 au·

464 1222 469 1227 .
504 1170 634 1237 xit.
677 1167 780 1235 Sic
840 1166 1434 1259 auctum-Populum
1477 1166 1538 1233 in
1597 1184 1683 1252 30
1739 1169 1962 1236 Curias
2003 1168 2249 1247 divisit,
2307 1185 2372 1232 ‘et
2411 1166 2660 1249 singulis

504 1248 714 1317 Curiis
760 1246 959 1314 locum
1004 1247 1329 1327 assignavit
1392 1247 1550 1312 intra
1594 1247 1799 1315 urbem
1843 1272 1979 1318 cum
2041 1270 2232 1316 vacuo
2273 1246 2472 1331 spatio
2508 1291 2531 1325 ,
2591 1246 2658 1313 in

506 1353 633 1415 quo
782 1345 870 1395 set
899 1325 1210 1415 templum
1250 1324 1591 1395 aedificari.
1672 1329 1973 1397 Curiones
2028 1332 2262 1414 insuper
2305 1329 2532 1395 creavit
2571 1328 2668 1392 ad·

506 1411 654 1479 sacri
706 1410 841 1489 cia,
884 1425 946 1476 et
987 1408 1218 1492 amplas
1260 1408 1560 1489 aedesstn
1623 1412 2284 1489 uas‘eouvenirentset
2329 1412 2388 1478 in
2431 1407 2656 1495 quibus

507 1492 853 1559 Curionum
873 1487 1189 1583 collegium
1231 1510 1375 1558 esset
1417 1513 1556 1557 cum
1641 1494 1848 1559 urione
1872 1492 2048 1562 Max.
2074 1492 2451 1560 construxit:
2493 1507 2654 1575 quae

506 1573 713 1649 Aedes
754 1582 943 1639 Curta
986 1572 1369 1655 dicebantur.
1410 1572 1624 1639 Curiis
1665 1570 1757 1651 jus
1789 1575 1960 1641 ’dedit
2000 1574 2253 1653 eligendi
2297 1573 2664 1653 Curiones,

508 1672 572 1722 et
612 1654 1013 1736 Magistratus
1052 1674 1123 1721 ex
1165 1650 1442 1723 Patriciis
1468 1698 1489 1729 ,
1531 1674 1657 1751 quo
1700 1654 1950 1725 Plebem
2017 1676 2152 1723 cum
2198 1654 2473 1722 Patriciis
2510 1674 2658 1720 con-

508 1734 743 1805 ciliavit
770 1784 787 1803 .
838 1736 979 1803 I-lac
1016 1735 1279 1805 civitatis
1328 1756 1619 1821 temprie
1657 1756 1692 1802 a
1735 1732 2014 1813 Romulo
2052 1734 2364 1818 stabilita,
2434 1733 2656 1817 Populi

508 1819 701 1887 Rom.
746 1815 993 1885 libertas
1034 1818 1097 1887 in
1128 1834 1263 1885 tuto
1308 1816 1423 1886 fuit
1451 1866 1471 1899 ,
1513 1818 1741 1897 donec,
1781 1840 1847 1887 ea
1869 1818 2150 1887 dissoluta
2193 1817 2524 1899 temperie,
2567 1816 2666 1880 in·-¹

504 1918 599 1967 ter
640 1898 911 1980 Plebejos
959 1947 980 1980 ,
1038 1918 1097 1965 et
1142 1899 1435 1966 Patricius
1474 1898 1738 1989 ,quebs
1802 1900 2134 1969 inconsulta
2181 1898 2656 1991 Magistratuum

501 1983 989 2050 communionem
1016 2025 1039 2059 ,
1080 1997 1148 2047 ut
1188 1980 1371 2047 etiam
1400 2001 1514 2047 con
1525 1979 1829 2061 jugiorum
1852 2028 1874 2064 ,
1915 1979 2401 2058 discessionibus,
2439 1996 2496 2043 et
2539 1998 2660 2070 mi·-

503 2064 598 2129 nis
644 2063 969 2143 impetrans
998 2108 1019 2142 ,
1062 2060 1121 2127 in
1168 2078 1527 2143 potestatem
1568 2062 1786 2129 decidit
1825 2064 2251 2147 »potentiorum
2297 2107 2318 2142 ,
2379 2061 2481 2145 qui
2529 2080 2660 2131 eius

507 2142 873 2225 cupiditati,
916 2163 975 2210 et
1020 2141 1339 2209 ambitioni
1387 2140 1866 2211 velificabantur.
1907 2144 2083 2212 Haec
2123 2140 2480 2220 ostendunt,
2523 2140 2658 2230 Ro-

516 2223 799 2303 mulum,
836 2241 897 2289 et
938 2223 1311 2292 consiliarios
1352 2243 1600 2306 magnos
1642 2225 1924 2309 politicos
1963 2224 2182 2305 fuisse,
2223 2242 2405 2308 atque
2446 2223 2508 2290 in
2551 2243 2658 2288 va-

510 2307 739 2372 riorum
791 2324 867 2384 po
913 2304 1146 2372 olorum
1187 2303 1461 2372 historiis
1491 2349 1515 2383 ,
1554 2325 1616 2372 et
1685 2305 1914 2389 legibus
1957 2324 2262 2386 versatos,
2304 2322 2514 2372 contra
2553 2320 2654 2368 at-

504 2405 623 2470 que
661 2385 933 2453 nonnuli
978 2405 1282 2468 perperam
1316 2387 1716 2456 arbitrantur.
1766 2389 1936 2456 Haec
1977 2409 2109 2457 mea
2154 2386 2364 2470 opinio
2408 2385 2670 2452 robora:

507 2484 608 2533 tur
648 2485 771 2558 non
816 2464 1011 2532 solum
1055 2465 1344 2549 Tiberii,
1385 2467 1484 2534 sed
1527 2472 1707 2537 etiam
1751 2470 2061 2537 Ciceronis
2100 2471 2263 2538 dicto
2323 2464 2434 2532 lib.
2481 2487 2533 2533 1.
2578 2464 2659 2530 de

508 2545 726 2615 Dium.
766 2547 865 2614 ubi
914 2547 1248 2618 Romulum
1288 2550 1594 2631 optimum
1635 2548 1814 2616 fuisse
1855 2553 2164 2634 Augurem
2208 2567 2495 2616 testatur.
2559 2547 2656 2614 A·

505 2629 614 2698 libi
658 2645 857 2700 autem
897 2628 987 2694 ait
1028 2629 1164 2696 Cic.
1211 2629 1611 2712 Disciplinam
1656 2629 2034 2712 Auguralem
2077 2629 2670 2723 multarum·rerum·

506 2712 817 2779 scientiam
864 2709 1199 2792 postulare.
1252 2711 1411 2778 Vide
1448 2709 1780 2778 sacerdotes
1801 2714 1880 2777 'in
1925 2713 1990 2780 S.
2031 2732 2090 2778 et
2151 2719 2643 2778 nissen-tattonem

502 2793 578 2860 de
622 2791 908 2870 Romuli,
948 2809 1010 2858 et
1110 2790 1389 2861 rimorum
1437 2801 1682 2860 Roman.
1723 2792 1990 2861 doctrina
2034 2794 2096 2860 in
2137 2791 2506 2875 specimine.
2548 2791 2649 2859 De

509 2875 737 2957 legibus
776 2895 833 2940 a*
858 2872 1063 2943 Romu
1090 2897 1131 2942 o
1170 2874 1353 2957 latis,
1398 2875 1532 2941 vide
1570 2875 1817 2942 Lucium
1862 2875 2131 2942 Faunum
2173 2871 2283 2940 lib.
2323 2895 2384 2942 2.
2423 2897 2476 2942 c.
2495 2895 2558 2958 7.
2577 2873 2653 2938 de

508 2954 798 3023 Romanis
872 2953 1385 3039 antiquitatibus,
1428 2974 1489 3024 et
1531 2955 1794 3038 Dionys.
1839 2955 2151 3024 Halicarn.
2345 3015 2356 3024 .
2581 3031 2596 3045 ⁰
2631 2951 2646 2982 ²

592 3036 881 3114 Roscius,
921 3037 1161 3106 celebris
1205 3038 1487 3119 Histrio,
1524 3039 1600 3104 de
1636 3058 1759 3124 quo
1792 3036 1986 3106 multa
2030 3033 2211 3105 Coei.
2255 3033 2657 3118 Rbodigdrb'.

517 3140 612 3200 14.
656 3137 788 3203 cap.
826 3140 918 3202 ¹7·
958 3120 1099 3187 lect.
1143 3119 1354 3203 Antiq.
1394 3140 1467 3185 ex
1515 3117 1812 3185 Cicerone
1825 3166 1853 3212 3
1893 3137 1954 3185 et
1997 3117 2132 3187 aliis
2155 3163 2178 3185 .
2217 3117 2380 3184 Vide
2422 3122 2656 3182 Panur-

505 3223 625 3280 gus
666 3200 726 3268 in
772 3199 864 3278 P,
902 3215 964 3266 et
1008 3200 1069 3267 in
1107 3198 1469 3286 specimine.
1513 3197 1601 3266 V.
1641 3197 1974 3267 Histrrones
1997 3248 2017 3268 .
2063 3199 2292 3268 Roscio
2337 3195 2668 3281 theatralis·

509 3279 827 3428 ῗξιᾲἱιὶἦπῐς
872 3279 1127 3348 Auctori
1174 3285 1530 3366 ignoverunt
1573 3279 1732 3363 leges
1757 3329 1778 3363 ,
1819 3284 2096 3351 suadente
2135 3281 2466 3351 Cicerone.
2527 3279 2633 3346 Ita

600 3383 679 3428 ln·
749 3405 769 3428 ο
792 3382 855 3444 7ο
895 3381 1026 3446 cup·
1050 3382 1153 3448 30·
1771 3393 1776 3398 ⁶

1387 3481 1664 3554 -RU

545 3681 559 3696 .
594 3597 794 3696 15²st
810 3645 832 3682 ²
888 3599 1203 3673 Mffllfllls
1242 3605 1502 3688 “Ulcus-
1545 3606 1646 3676 De
1680 3605 1809 3689 ejus
1843 3621 2045 3676 morte
2081 3622 2172 3675 est
2211 3603 2420 3693 Epigr.
2462 3605 2650 3677 Mar·

515 3682 676 3752 ttalts
717 3682 827 3750 hb.
869 3691 933 3754 6.
979 3687 1037 3752 in
1059 3684 1201 3768 ‘quo
1244 3685 1431 3753 haec:

668 3761 884 3847 Accipe
919 3789 1051 3833 cum
1078 3767 1241 3848 fletu
1284 3769 1489 3838 moesti
1529 3768 1703 3840 breve
1743 3781 2000 3838 Carmen
2039 3767 2263 3838 amici:

483 3853 491 3861 “
574 3899 617 3912 ..
750 3855 950 3935 Atque
988 3847 1128 3918 haec
1162 3849 1432 3928 absentis
1469 3849 1646 3928 thura
1671 3849 1866 3940 fuisse
1895 3871 2052 3939 puta
2067 3901 2090 3924 .
2138 3897 2144 3903 -
2454 3941 2552 4003 Ru
2651 3887 2670 3904 ·
