2985 4387
660 320 782 387 260

662 416 991 501 Eusebius,
1028 416 1452 485 Samos-atensis
1497 410 1832 511 Episcopus
1856 458 1874 491 ,
1913 410 1999 509 de·
2027 436 2148 513 quo
2191 412 2384 485 multa
2411 418 2738 489 Theodo-

582 524 742 575 retus
770 553 787 583 ,
828 503 937 571 sub
980 500 1243 568 Valente
1287 502 1524 567 Ariano
1563 496 1811 563 militari
1863 496 2072 563 habitu
2118 500 2425 567 incedebat
2465 504 2541 569 ad
2589 526 2748 571 oon·

577 586 895 657 firmandos
938 584 997 647 in
1038 582 1152 648 fide
1198 580 1594 648 catholicos.
1679 577 1814 643 Fuit
1863 576 1974 641 Vir
2012 582 2390 649 doctissimus
2457 584 2516 647 in
2586 587 2752 651 exsi-

581 670 733 738 lium
777 666 977 747 pulsus
1003 711 1021 745 ,
1063 684 1125 729 et
1166 665 1463 745 martyrio
1503 679 1854 727 coronatus.
1899 658 2160 751 Curavit
2186 709 2209 744 ,
2246 684 2318 728 nc
2357 662 2738 733 samosateni

583 752 848 823 seirent,
890 746 998 812 sibi
1048 746 1267 826 jussum
1308 742 1584 811 exsilium
1627 790 1646 817 ,
1705 762 1780 831 ne
1841 740 2195 833 Ministrum
2237 744 2316 807 ab
2363 744 2750 827 Imperatore

586 832 839 897 missum
880 828 1251 893 occiderent.
1296 826 1560 891 Videtur
1599 824 1673 886 de
1713 844 1820 887 suo
1853 825 2066 913 exsilio
2105 826 2258 903 apud
2289 826 2564 893 Histrum
2585 828 2742 894 scri-

590 914 769 995 psisse
798 959 820 993 ,
862 928 926 976 ut
972 911 1192 976 indicat
1235 906 1660 976 Theodoretus
1701 904 1745 968 1.
1787 922 1846 980 7.
1891 910 2054 971 Htst.
2097 905 2272 989 Tre).
2311 930 2364 975 c.
2417 912 2514 979 16.

1615 1018 1844 1118 1:11²„

674 1152 935 1220 Flavius
972 1156 997 1231 (
1029 1152 1117 1233 Q.
1149 1157 1177 1231 )
1216 1158 1304 1233 ρ.
1348 1158 1419 1217 F.
1460 1154 1594 1216 Suc.
1637 1148 2006 1215 Herculanus
2028 1194 2050 1231 ,
2103 1158 2318 1243 Augur
2359 1194 2384 1230 ,
2445 1147 2756 1235 Magister

591 1230 1107 1302 caeremoniarum
1150 1238 1312 1299 Sacr.
1356 1238 1500 1297 Fac.
1549 1230 1646 1297 [ta
1691 1230 1751 1295 in
1799 1228 2006 1297 Veteri
2049 1226 2432 1316 Inscrtptc‘one
2469 1280 2490 1314 ,
2548 1254 2740 1319 quam

593 1316 767 1384 affert
810 1314 1113 1381 cellarius
1160 1316 1215 1377 in
1260 1336 1367 1381 sua
1409 1310 1940 1407 orthographia..

676 1395 1021 1465 Flavianus
1055 1440 1077 1475 ,
1120 1392 1506 1473 Monachus,
1559 1394 1676 1461 Vtr
1713 1392 2156 1473 sapenttssimus
2182 1439 2204 1474 ,
2243 1412 2307 1460 et
2347 1392 2758 1465 nobilissimus

590 1479 782 1547 multa
830 1478 1055 1559 patiens
1100 1499 1210 1559 pro
1254 1476 1585 1545 Catholica
1625 1476 1898 1567 doctrina·
1951 1475 2058 1540 sub
2123 1476 2437 1557 Valente,
2477 1499 2596 1543 nou
2637 1481 2755 1546 do-

592 1562 681 1626 mi
722 1558 959 1639 solum,
1000 1560 1099 1624 sed
1138 1560 1325 1623 etiam
1369 1558 1605 1640 publice
1653 1555 1989 1624 Haereticis
2032 1556 2304 1624 resistens
2343 1604 2366 1639 ,
2429 1558 2578 1622 retia
2643 1581 2756 1627 eo-

592 1664 731 1709 rum
774 1639 951 1707 facile
995 1639 1413 1722 perrumpebat
1456 1639 1774 1728 ostendens
1814 1658 2020 1703 eorum
2062 1656 2404 1715 argumenta
2447 1660 2571 1704 esse
2589 1642 2753 1708 telas

590 1742 945 1789 aranearum
965 1768 983 1787 .
1035 1724 1129 1791 [ta
1172 1719 1600 1788 Theodoretus
1641 1716 1752 1785 leb.
1791 1720 1852 1787 8.
1893 1740 1946 1783 c.
1988 1734 2046 1801 3.
2093 1716 2253 1786 Hist.
2317 1717 2694 1801 Τήρην-εἷται
2731 1770 2756 1789 .

597 1806 699 1872 De
740 1806 951 1869 eodem
993 1820 1194 1869 narrat
1236 1802 1599 1871 ministrasse
1639 1804 1862 1885 scripta
1924 1798 2292 1871 Ductoribus
2354 1802 2430 1869 ad
2495 1801 2752 1872 coafun-

597 1887 817 1953 dendos
864 1884 1219 1952 Haereticos
1242 1928 1265 1955 .

1573 2002 1759 2073 InG

690 2124 1009 2209 Gelas-ius,
1056 2128 1393 2196 Caesareae
1430 2126 1487 2193 in
1537 2125 1880 2195 Palaestina
1927 2124 2135 2206 Episc.
2223 2126 2326 2195 De
2364 2144 2438 2195 eo
2478 2126 2568 2190 ait
2607 2129 2764 2197 San-

604 2230 735 2280 ctus
783 2212 1009 2276 Hieron
1060 2233 1229 2290 mus,
1270 2231 1395 2276 esse
1434 2213 1724 2278 sermonis
1767 2211 2021 2275 accurati
2059 2253 2082 2288 ,
2142 2225 2206 2276 et
2246 2207 2445 2276 limati
2491 2210 2768 2290 Scripto-

611 2313 780 2371 rem,
820 2291 923 2357 sed
965 2311 1029 2355 ce
1055 2313 1155 2356 are
1186 2339 1205 2370 ,
1248 2312 1401 2376 quae
1440 2292 1680 2359 scribit.
1725 2289 2151 2358 Theodoretus
2194 2291 2254 2356 in
2299 2287 2584 2373 Diatogis
2621 2313 2770 2360 eum

606 2373 800 2438 virum
844 2371 1261 2439 admirabilem
1306 2393 1481 2441 vocat
1513 2421 1535 2457 ,
1581 2391 1640 2442 et
1683 2373 1848 2439 addit
1873 2420 1895 2454 ,
1936 2373 2393 2447 caesareensem
2415 2391 2627 2453 agrum
2671 2375 2772 2442 di-

605 2453 856 2536 ligenter
900 2453 1266 2521 excoluisse.

688 2532 1014 2613 Geminus,
1058 2534 1592 2617 Mathematicus,
1637 2533 1738 2622 qui
1783 2533 1988 2602 floruit
2051 2533 2371 2602 Ciceronis
2431 2555 2582 2600 aevo
2651 2535 2778 2600 cir·

608 2641 675 2684 ca
720 2637 817 2682 an.
868 2617 1051 2685 Urbis
1094 2615 1365 2683 conditae
1414 2629 1560 2698 677.
1600 2639 1670 2683 ut
1715 2639 1782 2682 ex
1827 2617 1957 2696 ipso
1995 2619 2356 2691 demonstrat
2403 2615 2778 2682 Petaviusin

604 2701 809 2848 (ἐρεῖς
846 2699 917 2762 de
940 2695 1221 2764 Doctrina
1247 2714 1612 2784 temporum.
1658 2697 1797 2764 Reli
1850 2699 1938 2764 uit
1977 2720 2128 2786 opus
2166 2697 2456 2780 aliquod,
2503 2698 2560 2762 in
2602 2699 2778 2782 quod

596 2813 605 2822 ·
692 2800 822 2844 otas
864 2781 1051 2845 edidit
1098 2779 1379 2846 Petavius
1411 2829 1430 2848 .
1475 2783 1582 2848 An
1628 2778 1742 2844 alia
1857 2799 1994 2860 pera
2036 2778 2162 2858 eius
2201 2780 2442 2846 extent?
2492 2779 2772 2858 ignoro--

615 2863 723 2929 Ad
764 2883 1006 2926 manum
1052 2883 1167 2926 non
1214 2861 1412 2928 habco
1458 2860 1775 2928 Petavium
1815 2863 1888 2932 de
1926 2861 2222 2928 Doctrina
2263 2877 2581 2944 temporum
2605 2904 2628 2939 ,
2689 2883 2770 2928 ex

608 2965 735 3030 quo
776 2939 1021 3006 forsitan
1066 2942 1186 3007 alia
1228 2945 1303 3008 de
1348 2945 1622 3011 Gemino
1661 2941 1799 3007 dare
1841 2963 2113 3021 possem.

690 3022 939 3089 Glabrio
984 3021 1216 3090 Acilius
1241 3067 1261 3100 ,
1308 3024 1560 3092 militari
1605 3038 1774 3115 arte,
1816 3041 1880 3089 et
1917 3023 2174 3090 consilio
2217 3019 2598 3090 Antiochum
2673 3044 2769 3088 re·

610 3127 747 3184 gem
792 3105 951 3172 bello
991 3107 1295 3186 superavit
1341 3107 1451 3174 sub
1512 3105 1796 3183 Trajano
1835 3152 1858 3188 ,
1920 3123 1980 3170 et
2019 3104 2076 3172 ei
2122 3105 2420 3172 bratteata
2459 3125 2609 3171 auro
2648 3122 2780 3172 sta-

608 3207 717 3254 tua
764 3203 958 3250 erecta
1006 3185 1247 3252 Romae
1283 3185 1438 3254 fuit.

693 3265 1043 3346 Gregorius,
1084 3265 1145 3329 S.
1170 3267 1378 3331 Basilii
1424 3265 1608 3332 frater
1655 3264 2023 3334 doctissimus
2050 3313 2073 3346 ,
2121 3266 2456 3334 eruditione
2499 3265 2554 3332 ei
2581 3285 2773 3349 paene

612 3367 761 3428 par,
806 3363 952 3412 teste
992 3345 1220 3412 Rufino
1264 3348 1319 3411 in
1340 3348 1815 3414 continuatione
1853 3346 2019 3419 His-t.
2051 3351 2272 3418 Eccles.
2301 3344 2582 3414 Eusebie'.
2612 3349 2778 3416 Edi-

616 3429 709 3494 dit
752 3425 1051 3494 luculenta
1090 3427 1319 3513 aliquot
1362 3425 1666 3510 opuscula
1691 3477 1710 3510 ,
1751 3429 2156 3518 quae‘Rufini¹
2191 3451 2346 3498 aevo
2390 3429 2782 3514 legebantur.

1587 3549 1798 3618 InH

694 3666 1083 3750 Hellanicus,
1127 3668 1457 3752 Tripoleos
1503 3669 1777 3740 Antistes
1805 3721 1826 3748 ,
1847 3669 2203 3741 ’ineruditus
2223 3719 2246 3754 ,
2305 3693 2370 3741 et
2429 3665 2768 3740 haeretic-'us

514 3795 519 3806 -
614 3749 901 3844 aboArio
940 3748 1271 3834 appellatus
1312 3751 1384 3818 in·
1418 3749 1614 3836 Epist.
1659 3753 1734 3820 ad
1781 3755 2114 3828 Eusebium
2157 3757 2696 3826 Nicomedieusem
2741 3799 2780 3840 ι

614 3848 760 3924 'quia
806 3833 1105 3910 Arianum
1148 3836 1363 3942 dogma
1406 3835 1792 3968 impugnabat
1816 3883 1838 3908 .
2537 3917 2688 3984 Hel·
