2985 4387
2268 263 2407 313 111⁸

297 365 550 444 gatur,
593 353 668 420 in
711 347 968 424 nullius
1010 346 1226 422 verba
1249 347 1573 446 juraverit
1594 396 1617 437 ,
1662 365 1731 421 et
1760 347 2069 442 aequitas
2114 351 2411 440 postulet
2436 379 2457 414 s

301 459 400 526 ut·
427 441 614 513 hanc
657 446 941 512 veniam
987 442 1233 515 demus
1257 492 1281 529 ,
1325 443 1883 535 accipiamusque
1931 445 2269 510 vicissim.
2336 442 2462 511 Sa-

281 531 730 624 ‘pientissime
769 533 1098 626 ‚namque
1145 535 1338 602 m'ore
1381 551 1509 600 suo
1556 530 1782 626 ajebat
1826 531 1904 600 L·.
1948 532 2272 602 Annaeus
2337 533 2459 603 Se·-

287 625 477 694 n'eca
501 673 525 712 ,
559 627 923 696 veritatem
968 621 1290 697 nondum
1319 641 1464 694 esse
1510 639 1921 716 occupatam
1942 671 1969 710 ,
2015 621 2456 718 multumque

303 735 398 784 ex
432 735 518 784 ea
563 719 848 807 posteris
892 713 1210 788 relictum
1231 762 1254 781 .
1582 739 1591 747 ’
1984 747 1993 754 -
2445 746 2454 755 ·

289 814 302 834 “
391 801 480 874 Et
524 825 686 876 sane
733 803 994 890 multa,
1037 826 1220 900 quae
1267 802 1438 875 olim
1469 818 1591 874 aut
1632 799 1801 876 falsa
1823 852 1849 886 ‚
1878 819 1997 876 aut
2040 826 2285 897 parum
2333 825 2460 877 ve-

295 895 612 965 risimilia
655 899 804 966 visa
847 913 1043 985 sunt,
1086 895 1454 966 hominum
1494 894 1905 986 industria„
1984 915 2054 966 et
2116 891 2461 966 beneficio

296 991 636 1080 temporis
677 983 713 1075 (
761 988 953 1082 quod
1002 1009 1042 1058 a
1085 985 1386 1056 Thalete
1429 989 2012 1078 sapientissimum
2086 1002 2377 1056 vocatur
2410 989 2459 1080 v)

295 1079 656 1149 verissima
700 1097 883 1150 nunc
908 1127 934 1166 ,
975 1076 1094 1150 vel
1137 1075 1346 1148 valde
1393 1075 1783 1170 probabilia
1814 1075 2217 1148 habentur:
2261 1080 2460 1183 quod

291 1167 474 1236 olim
519 1165 614 1238 de
657 1166 1026 1262 Antipodis
1047 1218 1072 1256 ,
1115 1185 1184 1240 et
1227 1165 1442 1238 Zona„
1464 1166 1723 1239 torrida
1764 1167 2085 1262 loquens,
2139 1165 2334 1240 miht-
2362 1172 2459 1237 vi-

292 1259 471 1330 deor
498 1257 890 1340 'ostendisse
911 1309 934 1343 ,
981 1277 1058 1331 ut
1101 1281 1244 1330 non
1288 1263 1641 1334 immerito
1685 1257 2040 1332 Phaedrus
2084 1279 2458 1351 praecepe-

292 1351 388 1419 rit
429 1347 504 1418 F
497 1348 838 1418 abularum
881 1351 1048 1446 libro
1095 1373 1155 1446 3.
1216 1349 1412 1443 quod
1459 1347 1626 1420 alibi
1674 1345 1866 1422 affert
1908 1348 2170 1420 Auctor
2188 1375 2212 1418 t

345 1453 353 1460 ·
392 1453 398 1460 ·
478 1438 681 1531 Ergo·
700 1437 1108 1532 exploranda
1148 1461 1250 1510 est
1292 1444 1529 1510 veritas
1570 1441 1851 1511 multum
1886 1443 2118 1534 prius,

479 1529 704 1625 Quam
749 1534 944 1600 stulte
977 1531 1188 1622 prava
1220 1531 1476 1623 judices
1522 1536 1839 1602 sementia
1858 1579 1878 1600 .

267 1617 601 1692 'Multum
646 1619 908 1692 Auctor
950 1621 1190 1692 tribuit
1233 1639 1395 1692 tuae
1443 1620 1857 1714 benignitati
1892 1669 1918 1711 ,
1985 1620 2253 1694 erudite
2320 1619 2455 1693 Le-

285 1726 480 1782 ctor.
521 1709 694 1781 Eam
741 1731 1046 1784 meretur
1091 1733 1236 1782 non
1279 1709 1507 1782 solum
1552 1711 1653 1781 ob
1696 1725 2091 1804 susceptum
2134 1712 2455 1783 laborem

281 1807 364 1871 in
407 1799 612 1874 rebus
655 1799 1024 1875 Litterariis
1071 1824 1198 1896 pro
1244 1819 1454 1896 captu
1518 1821 1649 1872 suo
1711 1803 2211 1895 promovendis
2236 1850 2260 1888 ,
2324 1803 2452 1873 sed

287 1911 366 1963 et
408 1890 510 1961 ob
553 1896 834 1964 intimos
880 1895 1026 1990 ejus
1069 1915 1302 1964 sensus
1343 1943 1366 1980 ,
1434 1897 1889 1987 animumque
1958 1889 2136 1962 mihi
2180 1895 2456 1986 penitus

285 1981 688 2076 exploratos
708 2031 729 2050 .
771 1982 872 2052 Ita
921 1988 1110 2054 enim
1146 2002 1245 2054 est
1291 1989 1634 2054 animatus
1656 2033 1680 2072 ,
1725 2005 1802 2056 ut
1844 1980 2453 2077 quemadmodum

285 2072 408 2144 ille
457 2073 750 2144 aliorum
773 2080 1221 2167 opinionem,
1255 2077 1327 2143 in
1375 2077 1627 2144 caussis
1653 2075 1886 2146 dubiis
1928 2072 2059 2146 sibi
2104 2095 2247 2144 non
2293 2096 2451 2167 pro-

285 2163 571 2254 batam,
613 2167 764 2237 sine
794 2169 1120 2237 convicio
1143 2216 1165 2254 ,
1215 2160 1790 2259 etHipponacteo
1836 2167 2211 2261 praeconio
2257 2163 2455 2234 refel-
2532 2206 2537 2209 -

285 2254 372 2325 lit
403 2305 427 2344 ,
495 2260 592 2325 ita
635 2264 792 2326 suas
838 2257 984 2327 aliis
1029 2278 1168 2326 non
1217 2256 1545 2349 probatas
1590 2255 1806 2327 refelli
1853 2276 2095 2351 optat,
2163 2274 2241 2327 ut
2284 2254 2452 2328 Veri

283 2342 670 2440 Imperium
717 2350 938 2439 magis
977 2398 1002 2432 ,
1065 2368 1146 2417 ac
1191 2346 1942 2441 magis-protendatur.
2030 2347 2451 2439 Quinimmo

283 2456 610 2531 paratum
657 2460 826 2509 eum
867 2460 1012 2509 esse
1057 2442 1246 2523 scio,
1291 2456 1513 2509 errata
1560 2458 1685 2507 sua
1718 2488 1741 2525 ,
1801 2460 1840 2507 a
1886 2458 2316 2533 quocunque
2361 2458 2473 2511 ea.

275 2532 304 2597 i
395 2534 409 2547 “
459 2542 726 2599 ostensa
770 2526 1060 2617 fuerint,
1104 2528 1336 2616 fateri,
1383 2546 1452 2599 et
1499 2530 1916 2599 emendare.
1962 2526 2150 2599 Nihil
2178 2532 2441 2614 etenim

279 2640 332 2713 g
357 2621 644 2691 otiosius
689 2620 1084 2707 arbitratur,
1128 2640 1342 2713 quam
1391 2622 1581 2691 vinci
1626 2642 1667 2690 a
1710 2616 2011 2693 Ratione
2033 2670 2055 2708 ,
2102 2636 2172 2689 et
2233 2638 2439 2711 supe-

277 2715 417 2801 rari
461 2732 502 2780 a
527 2709 872 2784 Veritate.
939 2709 1120 2782 Pene
1156 2710 1511 2781 exciderat
1552 2729 1784 2782 mente
1808 2710 2173 2781 Lectorem
2196 2709 2439 2779 admo-

275 2822 484 2873 neret
527 2803 830 2896 primum
855 2852 875 2889 ‚
909 2823 1053 2872 non
1097 2804 1333 2871 omnia
1364 2808 1547 2894 quae
1592 2800 1924 2894 optabat,
1971 2817 2040 2870 et
2084 2802 2443 2893 inquisivit

273 2890 544 2964 Auctor
585 2891 678 2963 de
724 2890 1066 2966 Litteratis
1109 2890 1438 2979 Romanis
1484 2896 1783 2984 antiquis
1827 2894 2137 2961 invenire
2182 2890 2443 2981 potuis-

273 3004 394 3054 se.
436 2980 744 3063 Forsitan
789 2984 961 3055 alius
1004 3006 1094 3055 co
1135 2982 1581 3067 fortunatior,
1628 3003 1697 3051 et
1720 2981 2151 3073 diligentior,
2181 2978 2443 3074 plures-

275 3094 421 3167 que
464 3072 874 3169 Scriptores,
920 3097 1095 3167 quos
1123 3073 1474 3158 consulat,
1517 3072 1604 3141 ad
1645 3093 1891 3168 manus
1934 3068 2245 3159 habens,
2290 3074 2441 3163 qui-

275 3164 436 3236 bus
459 3162 722 3238 Auctor
764 3184 865 3236 est
909 3168 1305 3250 destitutus,
1352 3184 1436 3232 ea
1481 3165 1793 3235 inveniet
1832 3213 1856 3250 ,
1935 3180 2005 3233 et
2050 3160 2366 3255 vulgabit
2411 3176 2433 3237 .’

272 3250 594 3329 Alterum
670 3260 854 3329 circa
911 3252 1509 3349 orthographiam
1590 3253 1973 3325 admonere
2042 3257 2370 3324 succurrit
2414 3300 2438 3322 .

272 3344 542 3417 Notum
605 3364 708 3419 est
752 3346 1158 3419 Lectoribus
1203 3342 1523 3429 eruditis,
1586 3366 1803 3438 quarn
1850 3346 2147 3438 magnae
2212 3342 2362 3415 lites
2409 3394 2435 3433 ,

263 3454 343 3509 et
409 3457 688 3531 pugnae
753 3442 931 3510 inter
999 3436 1282 3509 Criticos
1328 3436 1419 3508 de
1461 3432 1985 3530 Orthographia
2054 3432 2429 3506 scribentes

265 3544 554 3599 exortae
586 3529 873 3617 mering
919 3529 1102 3601 adeo
1123 3547 1199 3599 ut
1237 3549 1767 3623 nonnumquam
1786 3528 1877 3598 ad
1924 3522 2428 3617 lapidationem

265 3640 402 3711 pro
445 3640 588 3691 una
632 3618 854 3691 littera
914 3621 1032 3693 vel
1087 3618 1541 3715 apponenda,
1588 3617 1705 3691 vel
1752 3614 2133 3689 omittenda
2176 3618 2251 3685 in
2299 3638 2426 3687 vo-

179 3760 186 3765 ·
263 3706 532 3784 cabulo
577 3709 815 3805 aliquo
859 3726 1148 3789 ventum
1193 3716 1276 3783 sit
1300 3758 1322 3781 .
1365 3706 1472 3785 De
1518 3706 1727 3870 lliaisce
1752 3708 1987 3783 litibus
2019 3710 2423 3871 constiffitus

1675 3822 1707 3893 3
2310 3836 2337 3855 .
