2985 4387
701 325 776 390 52
1139 315 1147 330 ’
1632 300 1698 369 C
1737 299 1775 368 1

615 407 790 476 butus
831 403 1032 482 suisset
1051 455 1073 490 ‚
1117 405 1211 475 vel
1240 405 1446 474 ‘sacras
1485 404 1903 476 Hebraeorum
1946 403 2179 474 litteras
2236 405 2511 492 legisset,
2554 405 2699 476 haec
2742 420 2773 492 ,‘

609 509 675 554 et
713 488 986 568 graviora
1010 537 1033 569 ,
1074 491 1210 571 Jobi
1254 487 1531 572 exemplo
1556 533 1579 566 ,
1622 489 1906 554 sustinere
1948 489 2237 570 potuisset
2279 537 2301 572 ,
2363 511 2497 558 vera
2540 491 2766 558 virtute

568 591 672 658 ,se
715 568 1025 636 involvens
1061 614 1084 651 ,
1141 571 1285 658 quin
1327 573 1400 635 de
1441 591 1505 636 se
1560 568 1881 637 occidendo
1940 571 2299 652 cogitasset.
2380 571 2481 640 Ex
2542 572 2766 659 quibus

605 671 844 718 cernere
883 668 972 718 est
1009 694 1032 730 ,
1099 672 1282 737 quam
1327 673 1539 734 parum
1583 648 1786 717 valeat
1852 647 2244 734 Philosophia
2294 699 2315 735 ,
2378 651 2767 720 revelationis

603 731 840 800 lumine
878 734 1161 800 destituta
1226 733 1302 799 ad
1362 732 1707 799 sustinenda
1762 730 2009 798 adversa
2052 778 2074 811 ,
2134 751 2390 818 vereque
2454 735 2680 801 dictum
2720 757 2762 800 a

587 813 710 882 88.
754 817 921 896 Aug.
963 833 1022 880 er
1064 814 1326 882 Hieron.
1372 813 1673 880 Ethnicos
1734 809 2143 892 Philosophus
2208 814 2235 892 (
2296 813 2508 897 quibus
2548 817 2761 882 addere

599 915 917 978 possumus
961 897 1146 962 nostri
1188 894 1364 963 seculi
1411 893 1931 962 Antichristianos
1976 893 2499 976 Philosophastros
2540 897 2567 974 )
2610 917 2757 962 ven-

600 995 776 1058 tosa,
821 995 882 1042 et
905 976 1160 1056 gloriosa
1201 975 1486 1042 animalia
1508 973 1904 1058 appellanda:
1948 974 2142 1042 buccis
2166 997 2375 1059 nempe
2396 975 2485 1044 illi
2506 995 2761 1058 crepan-

599 1058 762 1126 tibus
799 1059 994 1126 multa
1036 1051 1695 1141 promittentes-:nihil
1738 1055 1997 1124 solidum
2042 1075 2439 1137 praestantes.
2512 1057 2614 1123 De
2654 1059 2751 1126 his

598 1137 664 1206 in
708 1135 907 1223 Epist.
947 1137 1262 1206 Catholica
1300 1147 1362 1206 S.
1389 1137 1598 1224 Judae
1655 1135 1803 1204 haec
1859 1135 2139 1218 leguntur
2186 1161 2202 1202 r
2272 1137 2477 1218 Nubes
2514 1136 2644 1203 sine
2679 1163 2757 1204 a-

594 1241 756 1306 qua,
795 1243 949 1304 quae
989 1243 1029 1286 a
1069 1236 1245 1289 vento
1286 1216 1815 1304 circumstantum
1860 1218 2093 1285 arbores
2130 1223 2512 1300 autumnales
2554 1217 2753 1303 infru-

594 1318 824 1367 ctuosae
851 1350 873 1385 ,
916 1299 1013 1367 be’s
1051 1323 1310 1368 mortuae
1351 1346 1376 1382 ,
1438 1299 1776 1370 eradicatae
1814 1345 1835 1380 ,
1878 1300 2116 1384 fluctus
2142 1297 2270 1384 feri
2310 1298 2496 1366 maris
2532 1299 2757 1385 despu-

591 1399 823 1448 mantes
862 1405 1006 1450 suas
1044 1382 1440 1467 confusiones:
1483 1382 1687 1450 sidera
1728 1377 1995 1476 errantia
2016 1426 2038 1462 ,
2060 1381 2295 1466 quibus
2346 1383 2611 1466 procella
2654 1402 2745 1450 te·

589 1462 900 1530 nebrarum
939 1481 1182 1534 servata
1228 1482 1318 1532 est
1358 1461 1426 1529 in
1469 1485 1765 1531 aeternum
1806 1486 1825 1528 r
1891 1470 1978 1530 1-11
2020 1482 2165 1529 sum
2220 1481 2677 1548 murmuratores
2720 1511 2746 1548 ,

591 1541 896 1631 querulosi
919 1592 939 1627 ,
977 1546 1302 1614 secundum
1339 1541 1642 1612 desideria
1681 1567 1794 1610 sua
1836 1543 2216 1612 ambulantes
2254 1593 2276 1626 ,
2334 1563 2393 1612 et
2448 1567 2513 1610 os
2548 1569 2751 1610 eorum

585 1625 870 1712 'loquitur
882 1628 1133 1710 superba
1154 1676 1175 1710 ,
1217 1625 1505 1694 mirantes
1534 1645 1811 1714 personas
1833 1641 2115 1710 quaestus
2133 1647 2339 1692 caussa
2362 1672 2382 1694 .
2427 1626 2543 1693 His
2584 1627 2755 1694 addit

590 1709 658 1777 S.
700 1709 882 1801 Judas
901 1715 974 1775 ad
1002 1711 1386 1778 Christianos
1405 1730 1733 1776 sermonem
1755 1725 2143 1775 convertens:
2190 1718 2515 1774 Vos-autem
2538 1755 2559 1788 ,
2602 1705 2747 1773 cha-

587 1787 815 1859 risum?
840 1839 860 1869 ,
899 1813 1177 1859 memores
1216 1807 1400 1857 estote
1421 1789 1726 1859 verborum
1748 1811 1900 1871 quae
1936 1785 2242 1881 praedicta
2266 1806 2426 1856 ,sunt
2464 1787 2545 1857 ab
2584 1798 2748 1873 Apo·

580 1871 758 1965 stolg's
793 1871 1040 1939 Domini
1065 1865 1406 1966 nostri-lesu
1426 1867 1661 1964 Οόνξςτὲ
1682 1918 1703 1951 ,
1743 1866 1850 1953 qui
1886 1867 2163 1936 dre-ebant
2195 1867 2415 1962 vobis,
2453 1867 2744 1963 quodam

579 1951 899 2022 novtsse'mo
941 1973 1190 2039 tempore
1255 1973 1496 2021 vernent
1552 1954 1829 2018 suasores
1884 1950 2205 2017 secundum
2264 1950 2561 2018 desrdersa
2624 1973 2759 2017 sua-

577 2033 956 2101 ambulantes
993 2034 1056 2100 in
1100 2031 1553 2119 impietatibus.
1600 2029 1917 2112 Graphice
1954 2033 2276 2116 descriptos
2318 2031 2459 2111 hic,
2504 2031 2740 2121 lector,

582 2117 749 2181 vides
789 2137 974 2182 novos
1020 2117 1532 2185 Antichristianos
1577 2111 1984 2192 philosophos
2020 2158 2044 2192 ,
2104 2115 2209 2202 qui
2249 2115 2608 2201 erroribus,
2668 2133 2735 2180 et

580 2196 994 2278 impietatibus
1057 2200 1175 2266 suis
1236 2198 1533 2265 Ethnicos
1590 2196 2106 2278 longesuperant
2154 2242 2175 2277 ,
2242 2212 2497 2282 suntque
2534 2191 2739 2281 multo

578 2278 814 2359 tnagis,
861 2299 1045 2364 quam
1091 2279 1219 2356 illi,
1270 2277 1801 2356 reprehensibiles,
1841 2278 2125 2362 quoniam
2172 2276 2597 2357 Evangelicam
2644 2275 2739 2345 lu-

572 2379 704 2426 cem
735 2405 757 2440 ,
796 2380 916 2444 qua
959 2360 1285 2428 illuminati
1332 2360 1608 2444 fuerant,
1649 2374 2029 2440 respuentes,
2068 2358 2389 2427 cimmeriis
2416 2357 2735 2455 plusquam

571 2437 954 2523 tenebrisse,
991 2459 1050 2507 et
1069 2440 1218 2509 alios
1261 2439 1569 2509 involvere
1589 2440 1970 2521 maluerunt,
2010 2439 2162 2509 illud
2208 2439 2443 2518 Aleiatt
2488 2440 2553 2509 in
2588 2446 2735 2507 Em-

574 2519 860 2589 blematis
900 2543 1040 2605 prae
1078 2523 1267 2591 oculis
1311 2545 1430 2589 non
1475 2521 1804 2589 habentes:
2322 2598 2338 2613 .
2438 2596 2441 2603 ¹

737 2609 956 2695 Omnes
997 2601 1062 2670 ἱη
1105 2601 1288 2671 trivio
1327 2626 1536 2696 sumus
1558 2650 1581 2682 ,
1618 2622 1801 2696 atque
1840 2598 2228 2692 hoc-tramite
2267 2618 2440 2672 vttae

734 2686 1079 2767 tollamur,
1119 2686 1386 2751 ostendat
1427 2705 1492 2749 m
1534 2692 1695 2751 Deus
1734 2704 1859 2768 aepse
1896 2702 2069 2751 vtam
2090 2733 2110 2752 .

568 2766 683 2835 Sed
723 2765 800 2833 ad
841 2764 1202 2834 Ciceronem
1247 2784 1378 2850 post
1421 2764 1581 2833 hune
1620 2788 1735 2833 non
1778 2783 2019 2849 prorsus
2062 2762 2349 2835 inutilem·
2372 2784 2725 2848 excursum,

575 2848 750 2917 novis
796 2846 1186 2932 Philosophis
1227 2866 1438 2931 parum
1481 2865 1765 2929 gratum,
1807 2845 2153 2917 redeamus.
2194 2845 2395 2916 Cicero
2436 2865 2651 2925 nempe
2690 2892 2717 2927 ,

571 2928 716 2999 licet
760 2929 986 2999 lumine
1029 2950 1202 2997 verae
1245 2927 1673 3012 Philosophiae
1709 2926 2065 3009 destitutus,
2107 2929 2172 2995 in
2231 2926 2527 2998 nonnullis
2568 2928 2717 3011 dog-

565 3012 834 3079 matibus
877 3010 1276 3080 hallucinatus
1338 3011 1619 3078 erraverit
1660 3033 1679 3049 ·
1748 3006 1996 3091 eloquio
2038 3030 2240 3077 tamen
2296 3008 2491 3078 clarus
2531 3029 2717 3093 supra

565 3091 840 3177 aequales
881 3114 1014 3161 suos
1041 3141 1063 3176 ,
1103 3112 1166 3160 et
1209 3092 1623 3182 Graecum-et
1659 3058 1987 3169 homenes
2026 3092 2259 3159 evasit.
2342 3090 2447 3185 ‘Eu
2480 3089 2599 3157 -tibi
2638 3090 2721 3158 de

487 3226 496 3235 .
566 3192 644 3238 eo
683 3172 918 3265 Qatulli
944 3220 965 3255 ,
1007 3193 1070 3240 et
1109 3172 1244 3241 Silii
1295 3171 1495 3245 Italici
1536 3172 1794 3253 judicia.
1834 3170 2076 3243 Primus
2118 3172 2199 3249 in,
2241 3178 2452 3259 Eprgr.
2488 3168 2571 3240 ad
2612 3178 2715 3241 M.

563 3254 844 3321 Tulltum
886 3254 1033 3347 haec
1074 3252 1296 3322 habetr
2558 3302 2569 3314 ·
2722 3316 2736 3328 .

652 3378 676 3391 -
885 3333 1296 3405 Drsertisst‘me
1335 3332 1585 3401 Romul?
1620 3351 1891 3419 nepotum
1912 3382 1935 3417 ,

883 3424 1053 3498 ⁸Quot
1091 3433 1236 3483 sunt
1258 3461 1279 3493 ,
1319 3434 1571 3511 quotque
1599 3414 1809 3510 suere,
1850 3426 2057 3511 Marqe
2094 3412 2277 3487 Tull?
2296 3460 2323 3499 ,

879 3506 1163 3583 ,Quotque
1192 3516 1332 3581 post
1371 3498 1529 3564 alus
1564 3518 1730 3564 erunt
1770 3519 1836 3563 m
1877 3520 2057 3567 annas
2078 3546 2099 3582 ,

877 3576 1189 3673 Maximus
1231 3574 1350 3671 tg‘br‘
1383 3575 1626 3674 gratias
1662 3580 1955 3647 Catullus

879 3666 1038 3743 Aget
1054 3706 1076 3743 ,
1109 3678 1408 3755 pem-mus
1445 3683 1707 3754 omne-um
1746 3668 1929 3729 Poeta
1948 3684 1975 3728 .·

878 3748 1078 3809 Tanto
1112 3760 1410 3828 pesssmus
1444 3764 1707 3811 ommum
1748 3751 1932 3811 Poeta
1952 3788 1976 3825 ,

878 3830 1198 3910 Quantam»
1239 3842 1310 3895 tu
1348 3820 1609 3913 optimus
1646 3824 1915 3898 omnium
1946 3840 2238 3915 patronus
2259 3872 2281 3900 .
2430 3901 2615 3975 smus
