2985 4387
641 282 719 363 56
1564 270 1705 345 ct

559 403 594 447 a
641 382 994 450 doctissimis
1035 376 1384 451 Medicinae
1419 376 1859 448 Professoribus
1898 374 2086 472 multa
2132 378 2385 473 acriter,
2444 400 2501 453 et
2540 380 2689 451 sub·

560 464 749 531 tiliter
787 465 1078 547 disputata
1106 510 1126 544 ‚
1166 482 1226 529 et
1267 462 1499 541 obiecta
1542 479 1751 529 contra
1772 470 2479 554 sanguenrsprrcurtum,
2502 486 2683 553 quem

559 546 872 612 tuebantur
915 547 974 611 in
1017 548 1134 613 suis
1177 544 1584 611 Positionibus
1626 544 1859 610 laureae
1897 543 2240 609 Medicinae
2281 544 2605 615 Candidati
2650 594 2679 627 ,

605 630 662 694 ui
707 626 834 693 illic
874 626 1174 693 doctrinae
1211 646 1353 693 suae
1395 621 1722 708 periculum
1763 621 2054 690 iaciebant
2107 624 2181 687 ad
2244 625 2674 708 impetrandam

629 727 930 774 octoratus
976 708 1236 774 lauream
1261 756 1282 789 ,
1325 726 1480 790 quae
1520 708 1701 789 gratis
1743 704 2194 779 conferebatur,
2260 724 2327 772 ut
2366 712 2545 779 etiam
2584 729 2683 775 ce·

560 805 819 857 terarum
844 790 1216 857 Facultatum
1242 789 1520 870 laureae,
1564 789 1677 870 iis,
1764 788 1823 852 ui
1870 788 2069 868 inopia
2112 782 2446 857 laborantes
2482 796 2680 874 singu·

519 868 681 937 ,lare
722 870 1346 951 doctrinae·specimen
1388 870 1643 936 dabant.
1720 808 1860 947 Yam
1905 888 2045 933 vero
2096 912 2118 945 ,
2160 870 2444 955 quoniam
2511 892 2681 941 men·-

555 954 648 1018 tio
685 953 758 1017 de
801 952 910 1017 bac
937 952 1262 1019 Academia
1285 996 1304 1027 ,
1348 949 1469 1028 jam
1503 970 1807 1031 suppressa
1831 997 1851 1030 ,
1892 947 2046 1014 facta
2066 968 2153 1015 est
2178 998 2201 1030 ,
2241 949 2519 1020 lectorem
2548 972 2679 1022 non

549 1034 921 1117 poenitebit,
963 1033 1239 1099 nonnulla
1285 1034 1356 1098 de
1397 1051 1464 1096 ea
1512 1052 1785 1109 noscere,
1828 1051 1981 1115 quae
2004 1027 2129 1108 jam
2150 1052 2423 1111 expono.
2470 1034 2679 1115 Huius

548 1116 922 1190 Academiae
961 1113 1266 1181 Fundator
1309 1111 1422 1178 fuit
1461 1111 1524 1180 S.
1565 1112 1897 1178 franciscus
1958 1134 1991 1175 a
2066 1111 2283 1193 Boggia
2326 1163 2346 1195 ,
2389 1116 2668 1183 Gandiae

544 1196 732 1277 Dux,
772 1193 1006 1263 Carolo
1049 1194 1138 1262 V.
1188 1192 1589 1277 Imperatori,
1648 1212 1709 1257 et
1758 1192 2189 1275 Hispaniarum
2256 1196 2375 1277 regi
2440 1196 2674 1278 inclyto

545 1275 818 1371 inprimis
854 1294 1021 1343 carus
1059 1276 1142 1342 ob
1179 1298 1346 1341 suam
1396 1274 1767 1357 prudentiam
1815 1320 1836 1354 ‚
1907 1290 1969 1338 et
2026 1272 2352 1355 singulares
2413 1278 2671 1346 virtutes

543 1358 732 1436 alias,
777 1358 990 1444 quibus
1032 1380 1064 1421 a
1113 1378 1295 1441 puero
1335 1356 1449 1421 fuit
1496 1355 1847 1436 insignitus.
1930 1356 2257 1439 Postquam
2302 1357 2673 1427 Cataloniae

543 1438 766 1506 Prorex
799 1488 817 1516 ,
861 1439 1030 1505 valde
1073 1437 1338 1517 iuvenis,
1378 1436 1615 1530 fuerat²
1658 1436 1715 1503 in
1760 1456 1829 1501 ea
1855 1437 2185 1502 Academia
2212 1437 2669 1522 Philosophiae,

539 1536 600 1585 et
641 1519 1010 1599 ‘theologiae
1053 1539 1354 1585 strenuam
1398 1535 1642 1584 navavit
1684 1539 1929 1597 operam
1956 1563 1976 1597 ,
2022 1536 2087 1583 ut
2132 1515 2405 1585 humanis
2431 1566 2454 1600 ,
2495 1522 2666 1587 etdi·

539 1599 693 1665 vinis
739 1603 1056 1667 instructus
1097 1600 1352 1681 litteris,
1392 1620 1430 1666 a
1469 1598 1535 1665 S.
1578 1598 1816 1679 ignatio
1862 1598 2165 1679 Loyolaeo
2206 1600 2263 1666 in
2302 1600 2667 1672 Societatem

535 1680 716 1763 Jesu,
760 1704 968 1765 parum
1012 1699 1186 1748 antea
1228 1678 1535 1750 fundatam
1563 1727 1585 1762 ,
1626 1680 1927 1759 expeditus
1970 1702 2002 1744 a
2046 1680 2198 1747 curis
2258 1682 2601 1749 domesticis
2642 1730 2668 1779 ,

581 1782 685 1830 uas
726 1765 1049 1846 grandioris
1105 1765 1318 1830 aetatis
1379 1761 1509 1830 filio
1573 1761 1923 1827 commissas
1964 1760 2211 1843 reliquit
2253 1805 2274 1838 ‚
2334 1764 2666 1832 Gandienst

603 1864 775 1913 ucatu
823 1847 879 1911 in
921 1866 1055 1913 eum
1101 1844 1435 1925 translato,
1477 1843 1931 1909 admitteretur.
1976 1840 2149 1908 Illius
2190 1845 2671 1913 Academiaere-

577 1927 741 1993 imini
789 1927 1117 1994 Praefectus
1159 1944 1285 1991 erat
1329 1926 1414 1992 V.
1457 1926 1529 1989 P.
1594 1924 1865 1990 Andreas
1924 1924 1995 1987 de
2055 1923 2335 1991 Obviedo
2374 1968 2399 2006 ‚
2458 1944 2667 2010 postea

590 2008 886 2076 atriarcha
933 2008 1342 2087 Aethiopiae,
1385 2030 1418 2070 a
1466 2005 1662 2072 Rom.
1705 2005 1881 2072 Pont.
1922 2022 2153 2071 creatus
2181 2048 2203 2081 ,
2241 2006 2343 2089 qui
2389 2008 2449 2074 in
2521 2009 2661 2077 Ae-

531 2088 767 2171 thiopia
815 2086 1194 2171 Apostolicis
1235 2086 1535 2180 laboribus
1582 2133 1604 2168 ,
1668 2105 1727 2151 et
1768 2086 1992 2151 meritis
2034 2085 2369 2155 cumulatus
2440 2086 2597 2157 obiit
2640 2134 2665 2152 .

423 2243 438 2260 ,
531 2170 720 2238 Alter
759 2190 960 2238 autem
1002 2192 1071 2236 ex
1119 2168 1551 2236 Professoribus
1592 2185 1719 2235 erat
1760 2168 1832 2235 P.
1860 2168 2223 2236 Emmanuel
2265 2168 2380 2236 Saa
2426 2169 2664 2240 Lusita-

529 2271 642 2318 nus
668 2295 688 2330 ,
731 2253 962 2332 doctis,
1002 2267 1062 2316 et
1106 2250 1377 2316 brevibus
1421 2251 1659 2328 scriptis
1702 2251 1819 2317 suis
1847 2293 1867 2326 ‚
1906 2249 2127 2334 quibus*
2163 2273 2333 2316 suam
2374 2251 2442 2318 r'n
2484 2253 2665 2322 Lm·-

527 2355 649 2408 na,
695 2340 916 2398 Graeca
965 2375 986 2406 .
1054 2349 1112 2396 et
1173 2328 1464 2398 Hebraica
1505 2329 1713 2409 lingua
1758 2332 2027 2412 peritiam
2070 2333 2326 2398 ostendit
2351 2380 2373 2415 ,
2414 2354 2593 2402 notus
2636 2381 2661 2418 ,

525 2414 630 2498 qui
670 2417 802 2491 (a)
841 2415 904 2482 S.
950 2412 1239 2479 Francisci
1289 2435 1320 2478 a
1367 2413 1586 2494 Borgia
1632 2413 1915 2494 magister
1957 2413 2111 2480 fuit.
2193 2415 2468 2480 Docebat
2530 2416 2657 2484 illic

523 2495 710 2560 etiam
755 2493 845 2561 N.
891 2495 1166 2561 Perezius
1207 2517 1276 2560 ex
1318 2494 1522 2561 ordine
1564 2489 1789 2560 Beatae
1834 2494 2080 2562 Mariae
2117 2493 2195 2561 de
2214 2495 2509 2563 Mercede
2532 2499 2658 2564 Re-

521 2575 877 2652 demptionis
917 2577 1322 2649 Captivorum
1349 2619 1374 2654 ,
1413 2576 1683 2642 doctrina
1728 2597 1831 2642 sua
1868 2589 1889 2659 ‘,
1954 2595 2013 2642 et
2054 2575 2355 2643 nonnullis
2419 2578 2657 2658 scriptis

519 2657 698 2722 editis
735 2657 970 2725 clarus.
1010 2655 1176 2724 Cum
1221 2653 1551 2737 Hispaniae
1592 2653 1789 2723 solum
1836 2675 2065 2723 vertere
2106 2657 2420 2736 Jesuitae(
2438 2661 2653 2746 quibus

515 2759 551 2802 a
578 2737 915 2806 Fundatore
955 2738 1063 2804 sub
1083 2737 1416 2819 Hispaniae
1451 2758 1657 2819 regum
1702 2739 1979 2820 auspiciis
2020 2759 2087 2804 ea
2130 2739 2655 2808 Academia-com-

517 2818 692 2887 missa
740 2825 915 2897 erat)
959 2819 1096 2894 iussi
1141 2839 1314 2891 sunt3
1361 2817 1729 2885 Professores
1772 2822 1829 2886 in
1877 2841 1943 2884 ea
1983 2837 2152 2885 erant
2196 2817 2483 2888 Thomas
2520 2824 2657 2890 Ser·

516 2923 662 2968 rano
709 2899 1135 2983 Theologim
1181 2919 1241 2968 et
1283 2901 1460 2980 Joan.
1506 2901 1829 2968 Andresius
1872 2901 2127 2968 Poeseos
2172 2947 2193 2980 ,
2230 2919 2312 2966 et
2352 2901 2654 2971 Rhetori-

513 3003 648 3065 ces,
693 2982 998 3051 Valentini
1043 2983 1326 3049 natione.
1367 2981 1683 3050 scholares
1726 3000 1929 3050 autem
1974 3003 2181 3065 parum
2224 3000 2398 3051 antea
2446 2983 2507 3051 in
2547 3006 2651 3051 ea—

511 3064 650 3129 dem
692 3065 918 3132 fuerant
962 3066 1137 3145 Joan.
1176 3063 1521 3131 Franciscus
1561 3063 1821 3131 Masdeu
1844 3112 1864 3142 ‚
1906 3081 1967 3130 et
2006 3061 2346 3130 Franciscus
2384 3065 2583 3133 Gusta
2622 3111 2649 3147 ,

509 3144 797 3213 Catalani
832 3147 1052 3224 ambo,
1096 3166 1349 3229 quorum
1394 3146 1666 3212 omnium
1708 3145 1913 3228 Opera
1956 3143 2195 3229 aliquot
2234 3167 2373 3213 cum
2435 3146 2648 3231 plausu

510 3223 822 3306 leguntur.
905 3229 1208 3296 Docuerat
1252 3227 1436 3291 etiam
1483 3224 1845 3309 Disciplinas
1889 3225 2343 3321 Philosopbicas
2384 3225 2445 3294 in
2476 3243 2651 3310 prae-²

509 3304 632 3371 fata
681 3309 1014 3373 Academia
1055 3305 1302 3399 celebris
1345 3305 1709 3388 Theologus
1748 3306 2245 3400 joam-Rapina
2288 3309 2585 3376 Generius
2622 3355 2647 3390 ‚

509 3389 698 3468 patria
744 3389 1147 3456 Cervariensis
1191 3406 1248 3454 in
1294 3385 1622 3453 Catalonia
1650 3431 1673 3466 ,
1713 3389 1915 3470 paucis
1955 3388 2035 3454 ab
2076 3387 2218 3455 binc
2284 3390 2453 3456 annis
2510 3391 2646 3460 Ro·

507 3489 643 3535 mae
682 3467 810 3535 fato
847 3468 1078 3538 functus
1123 3482 1258 3550 post
1299 3467 1458 3534 edita
1504 3467 1691 3535 multa
1734 3467 2125 3551 Theologiae
2154 3467 2461 3540 volumina
2518 3473 2643 3540 sin·

2445 3571 2560 3666 gti-

619 3791 744 3854 (α)
777 3795 824 3842 S.
852 3796 1134 3846 franciscus
1163 3793 1343 3856 Borgia
1377 3793 1508 3841 varia
1538 3795 1784 3856 Opuscuia
1820 3791 2105 3853 spiritualia
2132 3793 2448 3853 lucubravit,
2481 3803 2530 3844 et
2562 3807 2643 3842 aa·

499 3853 1264 3974 3:233iez‘sgtgggmmhm
1291 3853 1586 3916 PrOPhetm
1606 3887 1625 3918 ‚
1656 3869 1781 3920 quae
1810 3856 2043 3915 opuscula
2068 3855 2234 3906 lucem
2260 3855 2511 3916 publicam
2554 3863 2637 3912 ty-
