2985 4387
610 321 688 365 V!

411 507 414 512 Ι
525 431 606 486 et
655 405 940 506 famam
1012 401 1465 488 eruditionis
1536 401 1681 487 sib'i
1752 349 2267 486 conciliarit·
2236 421 2484 522 ,quo
2514 403 2669 500 ᾖσε-

519 514 648 594 bat
699 572 727 612 ‚
813 533 900 596 ut
953 537 1105 588 non
1119 507 1371 614 pauci
1421 537 1513 592 eu
1564 507 1915 625 studiosis
1984 469 2585 592 adolescentibus
2633 565 2665 608 ‚

516 612 650 714 qui
691 613 792 694 ad
843 640 1009 692 eam
1062 581 1565 698 Academiam
1588 615 1667 717 J
1666 639 1827 694 uris
1862 607 2207 695 discendi
2276 627 2450 712 ergo
2500 638 2675 702 con·

497 715 855 809 fluebant
906 776 933 814 ,
1005 744 1176 796 eum
1246 714 1764 798 institutorem
1828 705 2269 814 deligerent
2311 775 2355 828 ,
2420 712 2679 806 neuti-

517 845 740 919 quam
793 815 1230 936 dubitantes
1281 878 1308 916 ,
1359 817 1569 936 ‘quin
1618 820 1749 898 sub
1780 815 1963 934 ‘ejus
2016 813 2433 935 disciplina
2470 845 2669 906 eva·

519 924 694 1002 dere
702 947 787 1002 nt
833 923 924 1001 in
951 924 1030 1028 J
1029 951 1189 1003 uris
1241 919 1593 1002 Scientia
1644 917 2069 1035 insigniter
2119 920 2465 1002 eruditi.

540 1095 546 1103 .
624 1027 864 1106 Haud
911 1023 1152 1106 multo
1169 1046 1388 1232 ἔσει
1457 1025 1707 1106 lucem
1760 1021 2151 1140 publicam
2216 1022 2442 1110 vidit
2514 1019 2673 1102 Hi-
2716 1036 2726 1046 '

527 1129 766 1209 storia
813 1127 1122 1210 Critica
1239 1149 1705 1246 piscoporum
1773 1124 2455 1212 Barcinonensium
2489 1185 2529 1226 ,
2586 1126 2676 1208 in

525 1251 672 1336 qua
859 1230 1133 1350 isco'pos
1183 1229 1440 1313 dubios
1489 1290 1519 1332 ,
1593 1251 1675 1310 et
1722 1228 2238 1335 supposititios
2288 1257 2379 1311 ex
2453 1211 2682 1324 confi*-

519 1337 664 1417 ctis
699 1335 786 1455 C·
825 1334 1097 1464 ronicis
1145 1334 1535 1420 ambitiose
1583 1331 1967 1451 inductos,
2020 1365 2069 1416 a
2119 1331 2419 1452 certis,
2450 1345 2530 1414 e't
2560 1331 2679 1442 lej-

495 1438 817 1555 gitimis
838 1413 1103 1520 critico
1126 1439 1472 1520 examine
1510 1436 2047 1539 distinximus,
2052 1435 2455 1555 adjunctis
2486 1433 2675 1518 non'·

531 1540 772 1623 nullis
823 1540 1583 1628 Dissertationibus.
1654 1541 1891 1644 Opus
1942 1541 2153 1622 istud
2200 1601 2229 1642 ,
2302 1535 2513 1646 cujus
2560 1535 2676 1622 ti·

527 1644 736 1725 tulus
787 1645 816 1744 (
837 1643 1009 1741 a):
1085 1646 1476 1746 Nomina,
1531 1665 1608 1727 et
1656 1647 1853 1728 Acta
1903 1649 2449 1749 Episcoporum
2498 1641 2681 1726 Bar-

505 1749 1029 1829 cinonensium
1086 1747 1178 1828 ad
1233 1749 1666 1848 Historiae,
1717 1769 1797 1829 et
1848 1749 2398 1848 chronologiae
2452 1745 2680 1824 rati'o-

524 1877 694 1930 nem
773 1869 1171 1949 revocata,
1223 1849 1491 1932 dicavi
1547 1849 1975 1934 doctissimo
2000 1910 2025 1950 ,
2074 1871 2261 1932 tunc
2325 1845 2683 1963 temporis

530 1950 1122 2032 Barcinonensis
1143 1909 1569 2033 Ecclesiae
1618 1951 2008 2068 Antistiti
2047 2012 2075 2052 ,
2152 1945 2687 2033 Illustrissimo

531 2055 640 2148 D.
659 2053 769 2134 D.
819 2051 1186 2135 Ascensio
1239 2053 1302 2132 S
1303 2053 1459 2134 ales
1481 2113 1510 2153 ,
1560 2053 1697 2156 qui
1749 2083 1881 2138 sua
1934 2051 2330 2154 amicitia,
2384 2077 2464 2134 et
2512 2082 2685 2164 conj·

528 2156 928 2238 suetudine
969 2177 1144 2260 pro
1167 2182 1300 2235 sua
1350 2155 1733 2257 singulari
1782 2157 2267 2243 humanitate
2284 2218 2313 2257 ,
2365 2185 2493 2238 nos
2535 2155 2689 2245 non

417 2259 428 2273 '
539 2257 892 2377 indignos
933 2257 1337 2363 putavit,
1411 2285 1491 2343 et
1546 2260 1759 2378 cujus
1791 2262 2017 2369 jussu
2090 2290 2193 2347 ac
2244 2262 2475 2341 ductu
2525 2258 2684 2338 Hi·

531 2388 844 2445 storiam
881 2319 1337 2479 praefatam
1341 2420 1376 2463 ,
1430 2362 1858 2463 diligenter
1910 2364 2091 2447 le&
2063 2393 2195 2467 is
2270 2385 2351 2443 et
2402 2352 2681 2443 exami-

533 2466 744 2550 natis
815 2464 1158 2568 antiquis
1227 2466 1646 2549 Tabularii
1699 2468 2119 2553 Ecclesiae
2166 2424 2690 2583 Barcinonen-

526 2570 677 2671 sis,
728 2591 806 2651 et
859 2566 1241 2686 Episcopii
1269 2568 1743 2679 scripturis
1769 2630 1797 2672 ,
1868 2596 1955 2655 et
2020 2568 2533 2657 monumentis
2603 2598 2687 2647 a·

532 2674 670 2755 liis
693 2734 778 2790 ..³
799 2671 1398 2754 lucubravimus
1453 2733 1472 2753 .
1568 2674 1699 2755 De
1738 2670 2108 2778 praefati
2174 2696 2431 2755 autem
2516 2678 2679 2748 An·

531 2776 814 2868 tistitis
868 2776 1219 2859 doctrina
1268 2798 1905 2879 supervacaneum
1960 2800 2154 2858 esset
2204 2772 2427 2871 aliud
2474 2773 2679 2855 dice·

532 2912 614 2962 re
654 2903 968 2986 praeter
1018 2876 1146 2958 boe
1219 2908 1452 2963 unum
1615 2909 1787 2961 eum
1856 2901 2131 2982 nempe
2176 2876 2686 2995 ‚praecipuum

536 2988 744 3071 sidus
794 2980 1326 3065 celeberrimae
1367 2982 1821 3063 Academiae
1876 2979 2340 3065 Valentinae
2373 2979 2621 3083 fuisse
2656 3038 2686 3078 ,

537 3116 702 3169 cum
759 3085 844 3167 in
897 3086 1365 3204 caprimum
1433 3081 1924 3205 Philosophia
1974 3148 2001 3189 ,
2083 3085 2361 3167 deinde
2421 3082 2690 3187 plures

543 3218 774 3273 annos
824 3189 1078 3269 Sacris
1129 3186 1464 3270 Litteris
1518 3218 1947 3271 innumeros
1996 3190 2403 3288 alumnos,
2458 3186 2688 3287 sama

542 3294 708 3399 ejus
761 3288 1148 3374 doctrinae
1199 3292 1304 3371 ad
1355 3292 1420 3369 S
1419 3290 1709 3373 cbolam
1782 3293 1996 3375 tanti
2065 3247 2450 3391 Magistri
2522 3315 2686 3368 tra-

541 3423 697 3477 ctos
744 3452 804 3495 ,
861 3391 1284 3474 erudivit.
1393 3394 1732 3501 Insignis
1819 3424 2006 3477 vero
2099 3392 2263 3498 ejus
2356 3390 2693 3475 eruditio

541 3528 705 3581 eum
759 3525 1048 3577 morum
1087 3492 1563 3597 gravitate
1587 3521 1667 3577 et
1715 3494 1940 3580 vitae
2014 3496 2447 3579 innocentia
2522 3524 2693 3577 con·

527 3602 814 3710 juncta
887 3628 978 3681 ex
1051 3596 1477 3683 Academia
1527 3658 1555 3703 ,
1624 3620 1705 3683 et
1770 3600 2161 3683 Ecclesiae
2224 3598 2690 3767 Valetginae

2163 3750 2171 3759 ,
2514 3722 2611 3765 00·

601 3860 694 3929 (b)
724 3864 936 3915 praefata
969 3864 1193 3919 Ηίιιοτὶι
1222 3866 1408 3979 {eodm
1443 3869 1495 3917 in
1526 3877 1573 3929 4,
1608 3865 1877 3925 Bucinum
1910 3882 2025 3921 ena
2058 3864 2229 3934 Effigie
2276 3866 2505 3932 Episcopi
2536 3864 2703 3921 Batti·

539 3926 773 3977 nonensis
795 3939 874 3976 an·
905 3924 1089 3982 salutis
1118 3924 1225 3985 cm
1255 3924 1499 3987 achx.
1590 3984 1599 3997 .
2680 3979 2694 3991 ,
