2985 4387
2258 365 2337 414 1!

263 453 374 534 ad
417 449 618 534 bunc
673 445 1102 531 invitatum
1150 473 1314 529 tam
1365 448 1689 548 nobilem
1740 509 1767 550 ,
1828 473 1993 532 tam
2014 449 2407 553 'suavem‚

265 583 436 638 tam
485 553 880 644 liberalem
934 613 962 654 ,
1029 556 1192 632 tam
1267 553 1711 634 benevolum
1762 611 1789 652 ,
1878 583 2025 636 me.
2068 585 2215 638 non
2268 581 2417 662 pa·-

263 687 442 740 rum
474 657 728 766 fuisse
775 678 1226 737 commotum.
1265 681 1314 736 ε.
1373 683 1599 759 quem
1647 657 1997 738 continuo
2066 659 2414 740 libentis-

263 764 462 844 sim'e
524 757 996 842 ‚admisissem
1017 819 1044 860 ‚
1115 759 1529 863 impetrata
1577 758 2125 842 Gratiosissimi
2174 763 2422 864 Regis

265 864 515 946 nostri
568 863 838 948 Caroli
893 861 1464 964 indulgentia,
1536 884 1618 943 et
1634 861 1757 944 ‘in
1804 863 2023 944 viam
2075 867 2419 970 pennata

254 969 518 1070 gradu
570 1025 597 1068 ‚
645 989 778 1048 -ut
843 965 958 1045 ai‘t
1032 963 1176 1050 ille
1226 1025 1254 1066 ‚
1325 993 1447 1046 me
1510 967 1883 1048 dedissem
1932 1027 1959 1068 ,
2049 969 2115 1048 si
2210 992 2421 1050 aetas

263 1100 437 1150 mea
488 1131 519 1174 ,
585 1093 666 1152 et
713 1067 1080 1151 valetudo
1114 1067 1294 1175 jam
1325 1068 1601 1171 fracta
1647 1067 1872 1150 aliud
1919 1095 2069 1152 non
2143 1071 2418 1176 suasis·-

260 1195 438 1254 sent
477 1233 500 1266 ‚
588 1173 770 1253 Non
821 1199 1003 1254 sane
1049 1179 1095 1273 ,¹
1179 1195 1273 1254 ut
1321 1169 1688 1274 Belgium
1738 1233 1767 1292 ²
1840 1197 1933 1254 ut
1998 1174 2415 1254 Bruxellas

261 1278 548 1358 Urbem
673 1275 1204 1357 ulcherrimam
1256 1312 1291 1376 ,·
1370 1299 1452 1357 et
1516 1273 2061 1360 nobilissimam
2125 1276 2415 1359 invise·
2502 1329 2507 1342 ·

260 1409 428 1464 tem
480 1441 510 1483 ,
619 1379 768 1468 icet,
815 1375 1047 1476 multi
1099 1379 1201 1460 ad
1249 1379 1444 1460 banc
1500 1379 1931 1484 principem
2002 1381 2262 1462 urbem
2328 1407 2416 1462 eo

238 1465 422 1578 fine
491 1484 959 1570 contendant
1013 1543 1040 1584 ‚
1127 1509 1264 1561 nec
1351 1505 1440 1564 ut
1508 1483 1595 1564 in
1664 1481 2118 1565 bibliotheca
2187 1506 2327 1566 tua
2372 1544 2407 1586 ,

255 1585 934 1668 selectissimorum
1033 1583 1521 1666 voluminum
1666 1585 2127 1689 eset-tissima
2230 1615 2401 1667 con-

256 1687 733 1792 quiescerem
779 1749 806 1790 ,
884 1687 1017 1768 sed
1067 1709 1155 1768 ut
1207 1687 1342 1766 Te
1389 1686 1545 1767 ami
1586 1717 1716 1769 um
1763 1690 2205 1774 viderem-n·
2276 1690 2413 1771 Te

247 1791 544 1874 vivam
601 1791 1132 1890 bibliothecam
1182 1789 1639 1872 consulerem
1686 1851 1715 1893 ‚
1774 1815 2064 1895 tuaque
2112 1815 2416 1874 consuess

252 1895 581 1996 tudine,
630 1919 708 1976 et
758 1889 1000 1976 esoc‘t'is
1049 1893 1507 2000 sermonibus
1536 1893 1849 1995 fruerer
1883 1954 1913 1996 ,
2004 1893 2427 1998 iisdemque

241 1997 494 2104 plura
543 1997 904 2079 discerem
954 2057 980 2098 ‚
1053 2008 1248 2100 quae
1297 1996 1559 2098 ignoro
1576 2059 1603 2098 ‚
1679 2022 1759 2078 et
1808 1999 2067 2078 doctus
2102 1999 2429 2106 tandem

250 2103 510 2184 tecum
558 2098 1104 2205 confabulando
1139 2101 1418 2197 fierem
1437 2161 1465 2202 ,
1538 2099 1698 2182 tuis
1759 2123 2035 2205 praece
2082 2101 2431 2182 tionibus.

249 2204 642 2305 eruditus.
697 2202 1292 2322 Qaesivissem
1345 2204 1430 2285 in
1492 2202 1775 2307 Belgio
1795 2267 1822 2306 ‚
1887 2229 1967 2286 et
2069 2206 2417 2309 ruxellis,

251 2308 462 2413 quod
493 2324 616 2403 me
653 2306 904 2407 magis
939 2308 1347 2391 oblectaret
1371 2369 1396 2407 ‚
1439 2336 1675 2411 quam·
1701 2307 2120 2391 Bruxellae
2168 2310 2417 2429 ipsae3

251 2434 346 2493 et
406 2413 634 2517 quam
679 2408 1086 2493 universae
1148 2408 1418 2511 Belgii
1485 2412 1725 2491 Urbes
1794 2411 2413 2492 laudatissimae:

247 2514 458 2618 quod
505 2514 604 2605 de
656 2512 866 2599 Viris
917 2512 1159 2595 doctis
1209 2572 1237 2615 ‚
1303 2514 1441 2617 qui
1503 2542 1593 2593 en
1646 2514 2033 2619 Hispania
2080 2518 2425 2601 Romam·

249 2616 447 2697 olim
497 2642 577 2694 se
623 2616 1155 2721 eontulerunt,
1227 2642 1316 2727 ut
1364 2616 1733 2699 viderent
1785 2680 1813 2721 ,
1888 2646 1975 2697 ac
2041 2620 2139 2700 de
2190 2616 2412 2719 facie

252 2717 379 2801 T.
401 2716 735 2803 Livium
787 2744 1318 2831 agnoscerent,
1369 2738 1640 2801 narrat
1690 2722 1776 2803 S.
1828 2722 2335 2815 Hieronymus
2375 2746 2414 2823 ,⁶

247 2816 549 2905 Romae·
601 2823 934 2910 ‘scilicet
1019 2848 1139 2905 eos
1212 2824 1679 2927 quaesivisse
1765 2822 2070 2929 aliquid
2117 2885 2144 2924 ‚
2216 2824 2411 2927 quod

237 2932 561 3030 praeter
608 2926 932 3009 Romam
981 2928 1449 3009 mirarentur
1471 2986 1495 3006 .
1579 2926 1802 3006 Novi
1854 2926 2140 3007 etenim
2158 2986 2185 3025 ‚
2237 2925 2409 3029 qui·-

250 3032 392 3113 bus
457 3030 908 3111 eruditionis
978 3058 1232 3112 sacrae
1279 3090 1308 3129 ‚
1403 3053 1482 3110 et
1543 3028 1914 3131 profanae
1959 3028 2282 3110 divitiis
2307 3062 2413 3149 f·

251 3132 544 3247 bundes
595 3161 630 3212 .·
683 3162 910 3237 quam
961 3129 1386 3236 multiplici
1436 3128 1847 3237 disciplina
1898 3157 2207 3213 ornatus
2256 3164 2361 3217 sis
2380 3194 2410 3236 ,

249 3236 394 3345 diu
449 3294 478 3335 ‚
550 3246 918 3341 noctuque
987 3264 1304 3318 versans
1356 3294 1383 3335 ‚
1478 3240 1844 3339 quantum
1896 3237 2411 3336 gravissimae

251 3346 565 3420 tuarum
613 3398 643 3440 ,
713 3364 792 3421 et
843 3339 1248 3424 amicorum
1297 3366 1548 3421 rerum
1598 3366 1821 3419 curae
1872 3339 2137 3422 sinunt
2171 3399 2198 3438 ‚
2262 3376 2409 3424 va·

249 3440 550 3522 riarum
603 3442 1040 3544 linguarum
1087 3504 1119 3545 ,
1191 3468 1378 3547 quas
1427 3442 1665 3523 ealles
1705 3501 1733 3544 ,
1806 3444 2027 3523 docta
2075 3442 2409 3551 volumi·

255 3575 368 3625 na
417 3606 447 3645 ‚
514 3567 721 3661 totus
775 3547 1124 3645 intentus
1172 3543 1633 3628 adnotandis
1654 3630 1659 3637 ,
1680 3606 1710 3645 ,
1782 3570 1859 3627 et
1926 3545 2411 3627 ruminandis

253 3676 452 3753 quae
524 3676 608 3726 m
679 3650 1162 3753 antiquorum
1211 3712 1241 3751 ‚
1313 3674 1394 3731 et
1463 3648 1877 3731 recentium
1932 3650 2407 3753 Scriptorum

253 3752 932 3834 Lucubrationibus
980 3752 1173 3854 legis
1225 3781 1259 3831 .·
1311 3778 1402 3836 ut
1435 3754 1661 3832 'nibil
1706 3755 1985 3833 addam
2056 3758 2153 3837 de
2222 3756 2419 3835 Ma-'

256 3854 672 3960 nuscriptis
728 3851 1143 3939 innumeris
1177 3859 1444 3961 praelo
1483 3856 1805 3957 dignis,
1860 3886 2053 3958 quae
2103 3886 2253 3939 non
2302 3864 2403 3942 si·

1752 4017 1757 4021 .
2254 3982 2328 4024 m
