2985 4387
611 283 712 350 44

537 437 544 446 .
1508 365 1573 436 C
1656 365 1717 438 E

599 529 884 612 -Ceca'na,
918 531 1148 600 Orator
1229 530 1677 602 Marcellorum
1721 529 1995 598 inimicus
2022 575 2045 612 ,
2087 546 2153 600 ut
2194 531 2429 616 magnis
2472 529 2681 602 inimi-

537 617 698 685 citiis
739 618 1120 683 claresceret.
1161 579 1261 682 fta
1307 616 1473 684 Tac.
1513 615 1563 680 1.
1606 632 1665 679 2.
1712 609 1877 681 Hist.
2052 691 2070 709 .

617 700 789 778 celer
829 695 1311 779 (Propertius),
1349 691 1811 782 Iurisconsultus
1839 740 1862 774 ,
1904 709 1968 760 et
2012 713 2107 760 vir
2146 695 2495 764 Praetorius
2518 744 2541 778 ,
2566 717 2676 764 ve-

533 777 704 848 niam
744 777 966 858 ordinis
1005 777 1301 868 Senatorii
1341 777 1426 846 ob
1467 791 1880 862 paupertatem
1920 775 2095 860 petiit
2118 823 2139 844 .
2184 776 2284 844 Ita
2325 778 2587 847 Tacitus
2622 779 2677 848 Ι.

545 880 604 926 1.
641 869 803 928 Arm.

613 942 788 1009 Celer
828 935 1207 1018 (Metellum
1254 937 1531 1007 Celerem
1574 935 1733 1006 hunc
1772 932 1951 1004 fuisse
1992 955 2183 1022 puto,
2224 937 2363 1007 licet
2402 937 2542 1008 Cic.
2600 939 2681 1008 ad

535 1019 690 1090 Att.
730 1020 961 1089 Celeris
1000 1021 1406 1103 appellatione
1447 1021 1642 1088 solum
1686 1039 1825 1086 eum
1865 1019 2162 1104 laudet),
2226 1029 2397 1091 Orat.
2464 1021 2679 1089 habuit

533 1121 742 1172 eontra
791 1101 896 1172 M.
940 1103 1306 1181 Servilium,
1349 1121 1531 1186 quam
1555 1098 1697 1169 Cic.
1738 1099 1818 1167 ab
1854 1102 2080 1169 Attico
2120 1104 2274 1184 petit
2300 1147 2323 1182 ,
2360 1102 2433 1170 ad
2452 1123 2513 1170 se
2530 1105 2679 1170 mit..

530 1185 580 1250 ti
647 1191 758 1268 Ep.
799 1204 861 1270 3.
905 1184 954 1250 Ι.
995 1187 1058 1251 6.
1112 1183 1212 1274 De
1253 1183 1462 1250 eodem
1505 1181 1671 1277 loqui
1720 1183 1950 1250 videtur
1990 1189 2102 1267 Ep.
2154 1203 2227 1277 ι..
2250 1183 2364 1252 lib.
2417 1205 2515 1250 ιο.
2582 1185 2677 1250 di-

525 1285 702 1332 censt
743 1267 916 1332 Celer
957 1279 1100 1331 tuus
1138 1263 1398 1333 disertus
1435 1286 1635 1346 magns
1674 1280 1761 1328 est
1786 1311 1806 1343 ‚
1848 1287 2029 1348 quam
2088 1283 2327 1349 saptens
2371 1286 2390 1330 t
2456 1265 2673 1349 quibus

529 1346 728 1413 verbis
773 1347 994 1414 indicat
1017 1390 1044 1426 ,
1078 1347 1320 1412 missam
1361 1347 1436 1412 ad
1475 1365 1539 1412 se
1558 1345 1887 1431 praefatam
1909 1343 2247 1413 Orationem
2266 1389 2290 1426 ,
2328 1364 2386 1414 et
2413 1348 2675 1414 Celerem

523 1426 732 1498 Attici
779 1429 1040 1496 amicum
1081 1425 1296 1494 fuisse.

565 1583 584 1600 .
609 1508 860 1604 Qelsus.
896 1508 1000 1576 De
1040 1507 1248 1576 multis
1287 1505 1466 1588 hujus
1505 1507 1760 1576 nominis
1805 1504 1943 1577 viris
1980 1507 2213 1594 doctis,
2254 1507 2388 1578 vide
2426 1507 2491 1578 in
2530 1513 2675 1595 Spe-

522 1609 786 1661 crnune.

1209 1713 1978 1787 Cottoztanruu.

602 1847 918 1911 censores.
961 1837 1295 1910 Censoriae
1335 1835 1898 1906 Animadversiones
1938 1856 1999 1905 et
2042 1838 2253 1908 Notae
2318 1841 2383 1908 in
2442 1840 2659 1909 veteri·

521 1919 633 1990 Bus
673 1923 1074 1992 monumentis
1117 1937 1385 2002 repertae
1412 1967 1435 2001 ,
1477 1938 1542 1986 et
1582 1937 1917 2014 memoratu
1958 1917 2172 2004 dignae
2228 1921 2347 2004 legi
2412 1937 2662 2004 possunt

517 2002 584 2068 in
623 2003 839 2073 Gellio
875 2006 922 2076 Ι.
961 2028 1028 2084 4.
1065 2027 1118 2070 c.
1160 2005 1264 2080 8.,
1323 2017 1383 2064 et
1432 2021 1528 2068 12.
1572 2000 1671 2066 ubi
1736 2001 1809 2065 de
1860 2001 1933 2066 P.
1974 2002 2169 2073 Corn.
2224 2001 2479 2072 Ruffino
2518 2049 2541 2085 ‚
2598 2021 2665 2072 et

513 2083 794 2170 Fabricio
845 2079 1194 2152 Censoribus
1231 2128 1252 2149 .
1332 2088 1607 2147 Censores
1646 2079 1895 2164 singulis
1963 2081 2165 2150 lustris
2226 2083 2498 2152 Censum
2540 2083 2661 2150 Ci-

512 2163 683 2233 vium
727 2164 919 2234 facere
961 2183 1238 2250 poterant
1271 2210 1293 2245 ,
1336 2165 1436 2231 sed
1476 2165 1619 2249 quia
1662 2163 1836 2231 labor
1879 2181 2008 2229 erat
2052 2165 2356 2249 improbus
2400 2165 2663 2248 'singulis

506 2242 720 2313 lustris
757 2265 854 2317 tot
892 2249 1080 2318 Cives
1119 2266 1416 2313 recensere
1457 2245 1517 2311 in
1564 2262 1731 2312 tanta
1774 2244 2105 2313 incolarum
2150 2248 2393 2315 Romae
2450 2246 2661 2315 multi-

516 2326 766 2410 tudine3
811 2345 960 2413 puto
998 2328 1288 2395 omissum
1333 2326 1602 2396 Censum
1648 2326 1707 2391 in
1750 2326 1959 2393 multis
2000 2324 2239 2394 lustris.
2284 2328 2523 2395 Revera
2560 2328 2661 2398 T.

509 2401 726 2475 Livius
769 2410 828 2476 in
869 2410 990 2478 suis
1031 2408 1194 2475 Hist.
1236 2409 1514 2475 meminit
1554 2406 1748 2474 solum
1789 2408 1864 2473 ad
1908 2430 2006 2487 24.
2049 2430 2353 2479 summum
2394 2410 2654 2491 Census,

507 2510 554 2557 a
589 2488 944 2558 censoribus
983 2490 1230 2559 diversis
1269 2491 1328 2555 in
1371 2490 1570 2557 lustris
1612 2506 1922 2572 peractos,
1964 2490 2189 2557 civium
2230 2512 2542 2559 numerum
2587 2492 2653 2559 in

507 2590 883 2658 unoquoque
925 2592 1178 2641 notans.
1223 2572 1360 2637 vide
1401 2581 1685 2639 Lustrum
1712 2570 1789 2661 ,in
1834 2570 1925 2638 L.
1989 2573 2265 2656 Quinam
2306 2571 2493 2638 Cives
2532 2580 2655 2638 ca-

501 2650 640 2739 pite
683 2652 839 2723 censs·
877 2654 1251 2722 dicerentur?
1299 2650 1460 2719 Vide
1499 2651 1647 2744 Cel.
1677 2648 1788 2719 hb.
1835 2673 1931 2719 ro.
1972 2674 2026 2720 c.
2080 2675 2174 2721 10.
2199 2700 2220 2733 ‚
2262 2652 2363 2719 nbi
2422 2654 2503 2719 de
2560 2652 2659 2719 di·

509 2734 792 2803 scrimine
832 2734 984 2806 inter
1024 2730 1385 2805 Prolem-ios
1402 2781 1424 2816 ,
1483 2742 1899 2815 Captus-enses
1940 2777 1963 2812 ,
2018 2751 2082 2800 et
2138 2732 2433 2801 Assiduus
2468 2782 2490 2801 .
2572 2732 2656 2802 In

505 2816 724 2893 Censu
761 2814 1014 2887 Civium
1055 2818 1246 2887 Rom.
1289 2814 1640 2896 Peregrini,
1681 2832 1741 2879 et
1784 2814 1947 2880 Servi
1992 2838 2109 2881 non
2152 2816 2657 2901 numerabantur,

499 2917 570 2967 et
613 2898 675 2965 in
717 2898 1058 2979 nonnullis,
1097 2921 1203 2966 nec
1225 2896 1446 2979 Popilli
1471 2942 1495 2976 ,
1536 2914 1643 2963 nec
1690 2894 1925 2961 Viduae
1951 2940 1973 2975 ,
2012 2914 2081 2965 ut
2128 2897 2375 2965 adnotat
2397 2896 2653 2982 LiviuS,

503 2978 604 3051 vel
668 2978 796 3061 eius
838 2980 1230 3063 Epitomator
1273 2978 1485 3047 florus
1533 3025 1554 3045 .
1632 2974 2033 3059 Imperatores
2100 2978 2365 3045 Romani
2412 2976 2657 3047 Censo-

505 3062 666 3129 riam
702 3061 1059 3145 dignitatem
1101 3063 1212 3131 sibi
1277 3078 1618 3143 arrogantes
1658 3080 1883 3123 morum
1943 3056 2381 3143 Praefectus-am
2422 3060 2659 3127 Censo-

507 3142 671 3209 rium
709 3162 924 3210 munus
957 3142 1351 3227 appellabant
1379 3190 1399 3224 ,
1441 3161 1620 3225 seque
1662 3138 1997 3225 Praefectos
2012 3164 2237 3207 morum
2265 3190 2285 3209 .
2368 3140 2655 3209 Nonnul-

504 3216 558 3290 li
625 3240 831 3289 tamen
875 3222 1276 3309 Imperatores
1317 3224 1594 3290 Censoris
1633 3222 1879 3290 titulum
1920 3245 2040 3291 non
2082 3222 2458 3307 repudiarunt
2494 3269 2518 3305 ,
2578 3236 2655 3291 ut

498 3320 755 3397 constat
793 3324 866 3372 ex
907 3308 1174 3392 antiquis
1219 3302 1765 3398 Inscriptionibus.
2596 3382 2617 3399 ι

585 3393 670 3451 Ce
713 3406 850 3467 ms,
890 3406 1009 3470 qua
1052 3388 1362 3454 occasione
1402 3406 1673 3453 somnum
1718 3384 2071 3467 simularet,
2108 3404 2173 3453 et
2212 3407 2275 3453 se
2312 3404 2431 3452 non
2448 3406 2653 3454 omm-
2774 3464 2779 3469 ⁸

493 3460 612 3561 bus
651 3404 912 3535 ‹sonnire
945 3469 1166 3535 diceret
1203 3486 1374 3560 servo
1402 3512 1423 3546 ,
1463 3465 1691 3549 aliquid
1718 3466 1777 3530 in
1814 3488 2021 3555 ‘mensa
2111 3550 2125 3565 ·
2148 3470 2327 3564 situm
2368 3466 2645 3562 furanti}

506 3546 650 3615 vide
705 3546 888 3616 Coel.
929 3544 1140 3618 Rhod.
1182 3546 1292 3617 hb.
1343 3568 1435 3614 η.
1477 3570 1530 3614 c.
1580 3550 1676 3614 16.
1720 3546 1791 3613 ΙΙ.
1835 3558 1984 3617 Ant.
2024 3571 2063 3616 u
2110 3569 2129 3614 ι
2188 3552 2417 3618 dictum
2474 3568 2649 3616 sitni-

499 3624 571 3704 Je
625 3650 662 3696 a
697 3628 910 3699 Gabba
949 3632 1212 3717 quodam
1236 3677 1256 3712 ‚
1301 3627 1689 3697 Moecenatis
1730 3630 1967 3711 amico,
2006 3653 2145 3698 eum
2189 3652 2325 3701 eum
2367 3630 2659 3698 convivio

501 3708 838 3795 exciperet,
876 3729 940 3780 et
980 3710 1262 3781 nonnulla
1305 3712 1369 3779 in
1392 3732 1587 3779 mensa
1608 3755 1630 3790 ,
1670 3710 1785 3777 sibi
1802 3732 2017 3799 parum
2042 3730 2211 3797 grata
2230 3761 2255 3799 ,
2290 3714 2443 3783 inter
2456 3710 2651 3783 Moe-

503 3808 773 3875 ‘enatem
791 3840 816 3879 ,
856 3810 920 3863 et
959 3814 1208 3866 uxorem
1245 3792 1801 3863 animadvertisset.
2440 3878 2505 3943 c

2502 3896 2577 3941 “
2628 3910 2647 3933 Ι.
