2985 4387
673 266 822 333 104-
1594 252 1657 321 G
1702 246 1762 319 E

681 350 1049 440 'Geograephia
1073 402 1092 424 .
1133 354 1301 423 Vide
1341 354 1674 441 Geographi
1718 358 1781 422 in
1826 350 2149 439 specimine
2170 406 2191 426 .
2232 354 2531 425 Romanis
2572 354 2737 423 anti-e

595 440 734 525 quis
777 440 1058 504 immensa
1103 440 1330 521 maris,
1374 457 1434 505 et
1477 456 1767 505 terrarum
1806 460 1833 503 s
1876 438 2039 520 aria,
2087 459 2241 522 quae
2274 482 2295 516 ,
2360 456 2524 507 novo
2580 440 2731 510 orbe

595 526 870 595 detecto,
911 518 1080 583 nobis
1123 520 1530 599 innotescunt,
1573 521 1773 601 ignota
1845 537 1975 584 uere
1999 564 2018 583 .
2056 520 2205 585 Sunt
2246 518 2438 589 adhuc
2465 520 2523 584 in
2554 515 2730 586 Affi-

591 623 657 668 ca
703 599 928 667 multae
973 600 1234 680 regiones
1304 602 1541 683 ignotae
1573 648 1592 668 .
1680 600 1971 667 Nondum
2013 604 2383 682 exploratum
2443 619 2532 667 cst
2594 612 2729 680 post

593 680 849 748 multam
891 682 1388 765 Geographorum
1455 680 1899 763 inquisitionem
1953 724 1976 760 ,
2034 681 2201 757 cuius
2258 680 2481 764 figurae
2538 678 2730 747 Orbis

596 780 934 847 terraqueus
997 765 1074 827 sit
1115 811 1136 832 .
1217 763 1451 843 Jesuitis
1492 761 1896 829 Missionariis
1942 767 2055 829 Geo
2100 758 2311 846 raphin
2376 760 2564 829 multa
2623 761 2731 825 de·

595 842 697 908 bet
745 844 1097 911 incrementa
1135 891 1154 911 .
1238 845 1338 911 De
1384 840 1751 928 ceographia
1796 843 2020 924 insigne
2131 866 2236 926 pus
2306 842 2489 919 edidit
2536 860 2731 923 nuper

2760 176 2793 193 Q

593 923 900 991 Ferrariae
959 920 1170 991 Abbas
1216 924 1482 1007 ignatius
1544 924 1707 992 Cam
1780 944 1943 990 erver
2006 922 2768 1005 Hispano-catalanos..

593 1003 746 1076 olim
791 1004 1004 1073 Bilbili
1028 1053 1049 1088 ,
1090 1024 1148 1071 et
1195 1006 1527 1071 Barcinone
1554 1004 1701 1073 Mat
1750 1025 1909 1071 eseos
1928 1002 2230 1075 Professor
2256 1052 2276 1071 .
2320 1002 2391 1071 In
2428 1003 2589 1070 dicto
2629 1002 2732 1071 O-

519 1098 531 1109 ·
597 1107 736 1171 pere
777 1088 1140 1178 mentionem
1181 1086 1323 1153 facit
1366 1084 1568 1152 Lexici
1612 1081 2040 1153 Mathematici
2078 1106 2111 1149 a
2156 1104 2219 1151 se
2260 1082 2597 1153 lucubrati.

677 1177 1001 1234 Geomema
1071 1169 1327 1249 primum
1391 1168 1448 1233 in
1517 1168 1779 1237 Graecia
1845 1188 1880 1234 a
1943 1164 2251 1244 Thalete,
2314 1162 2509 1232 alter‘o
2566 1186 2636 1229 ex
2680 1188 2773 1247 7-

589 1248 1006 1331 sapientibus,
1048 1248 1278 1315 inventa
1318 1248 1537 1315 dicitur
1562 1296 1582 1315 .
1626 1250 1747 1317 Ast
1792 1246 2107 1314 verisimile
2142 1265 2232 1314 est
2258 1294 2279 1326 ,
2320 1266 2455 1311 eam
2495 1266 2569 1312 ex
2594 1246 2734 1313 Ae-

589 1330 854 1413 gyptiis,
896 1328 987 1399 vel
1025 1328 1321 1424 ‚Hebraeis
1363 1328 1634 1397 hausisse.
1680 1332 1744 1397 A
1792 1325 2133 1424 Pythagora
2157 1377 2178 1409 ,
2237 1326 2339 1413 qui
2397 1346 2492 1421 eas
2532 1327 2735 1406 regio-

595 1432 696 1476 nes
739 1426 1120 1493 peragravit,
1159 1411 1340 1478 variis
1379 1411 1979 1478 demonstrationibus
2018 1408 2310 1475 illustrata
2330 1403 2445 1474 futt
2476 1452 2499 1485 ,
2538 1426 2601 1473 et
2618 1428 2732 1477 au·

589 1509 728 1558 cta.
772 1488 1098 1559 Geometrt'a
1141 1490 1420 1559 Romana
1489 1491 1596 1559 has
1652 1512 1954 1559 mensuras
2012 1509 2125 1572 pro
2182 1486 2385 1555 solidis
2467 1487 2730 1557 habebat
2770 1524 2777 1529 ·

591 1573 866 1638 Granum
896 1620 917 1654 ,
965 1572 1291 1655 Digitum,
1333 1570 1615 1641 Palmum
1642 1622 1661 1655 ,
1704 1574 1920 1641 Pedem
1962 1618 1982 1651 ,
2055 1572 2301 1637 Passum
2327 1614 2347 1647 ,
2386 1569 2655 1635 Stadium
2703 1615 2731 1652 ,

591 1651 914 1731 Milliare,
955 1656 1167 1737 quibus
1209 1652 1406 1721 addita
1447 1653 1563 1722 fuit
1600 1654 1799 1722 Leuca
1842 1654 1917 1720 ad
1959 1653 2165 1722 itinera
2204 1650 2579 1723 metienda..
2624 1650 2731 1721 Eu

599 1736 746 1801 trita
792 1736 864 1800 de
901 1734 994 1801 his
1033 1736 1317 1802 mensuris
1361 1734 1655 1804 Carmina
1681 1759 1701 1800 ε
1962 1813 1981 1829 0

755 1826 1029 1900 Quattuor
1069 1840 1140 1883 ex
1179 1816 1403 1884 Granis
1441 1817 1686 1895 Digitus
1724 1833 2080 1901 compomtur
2120 1824 2320 1883 Unum

755 1905 868 1965 Est
903 1914 1111 1983 quater
1151 1894 1214 1962 ἱη
1258 1895 1474 1964 Palmo
1519 1899 1754 1977 Digitus
1776 1922 1805 1961 :.
1840 1916 2049 1982 quater
2088 1894 2154 1962 in
2198 1898 2355 1973 Pede
2397 1891 2718 1970 Palmae..

753 1978 1033 2064 ‚Quinque
1080 1981 1259 2045 Pedes
1289 1975 1533 2061 faciunt
1577 1980 1857 2045 Passum:
1906 1982 2116 2045 Passus
2157 2001 2267 2061 quo
2309 1998 2377 2042 ue
2416 1994 2647 2043 centum

753 2072 908 2126 Cum
949 2061 1018 2129 υἱ
1061 2057 1220 2142 r’nti,
1263 2076 1320 2122 et
1361 2055 1505 2141 qur'n
1548 2081 1616 2125 ue
1654 2059 1880 2127 dabunt
1920 2060 2225 2125 Stadiumr
2318 2056 2476 2125 tadia
2518 2076 2643 2124 octo

757 2142 946 2209 Mille
1027 2140 1264 2208 abunt:
1305 2156 1362 2204 et
1405 2138 1510 2207 Mi
1543 2140 1598 2208 le
1639 2138 1757 2208 tria
1790 2138 2034 2226 faciunt
2076 2138 2191 2206 tibi
2226 2139 2456 2206 leucam
2482 2184 2504 2206 .

596 2224 840 2291 Praeter
900 2223 1007 2289 has
1087 2243 1387 2288 mensuras
1448 2239 1579 2288 erat
1642 2225 1825 2290 etiam
1886 2217 2148 2289 cubitus
2198 2269 2222 2304 ,
2284 2241 2408 2306 quo
2468 2219 2772 2290 Hebraei-

589 2322 730 2370 ante
749 2304 1016 2370 Graecos
1041 2345 1066 2382 ,
1101 2322 1164 2369 et
1185 2303 1497 2371 Romanos
1517 2303 1871 2384 utebantur,
1914 2325 1949 2370 a
1991 2301 2145 2370 flexu
2186 2302 2410 2370 brachii
2453 2304 2526 2366 ad
2550 2303 2726 2385 digiti

593 2383 876 2462 longioris
919 2400 1246 2450 extremum
1271 2433 1291 2467 ,
1341 2383 1601 2466 Pedem,
1642 2401 1700 2452 et
1742 2385 1983 2452 alterius
2013 2383 2327 2452 dimidium
2354 2383 2666 2451 continens
2702 2431 2728 2456 .

593 2465 748 2530 Erat
815 2465 1016 2531 itidem
1081 2467 1232 2531 Ulna
1277 2513 1298 2546 ,
1363 2485 1519 2550 quae
1578 2482 1953 2533 extensorum
2026 2463 2401 2532 brachiorum
2462 2468 2729 2532 continet

592 2543 1074 2628 longitudinemt
1121 2545 1254 2613 vide
1297 2551 1576 2613 Mensura
1617 2548 1676 2612 in
1720 2547 1842 2615 Μ.
1884 2547 1983 2615 De
2001 2542 2327 2613 Geometriae
2357 2544 2624 2628 Optice,
2664 2565 2726 2614 et

591 2627 941 2695 Canonice.
971 2626 1144 2723 ‚vide
1183 2623 1347 2722 Qell.
1391 2629 1438 2697 1.
1486 2647 1543 2697 1.
1584 2646 1714 2712 cap.
1760 2647 1859 2695 20.
1898 2644 1958 2694 et
2000 2626 2112 2695 tib.
2160 2635 2255 2696 16.
2297 2651 2348 2696 c.
2400 2631 2493 2696 18.
2558 2627 2729 2696 Vide

597 2715 930 2776 Geometrae
969 2731 1030 2776 tn
1070 2717 1394 2794 Specrmme
1411 2755 1431 2774 .

673 2799 927 2856 Gestus:
971 2789 1110 2856 vide
1151 2785 1486 2857 Histriones
1527 2791 1584 2858 in
1630 2790 1738 2873 H,
1774 2786 1962 2858 Mirm·
2004 2788 2063 2856 in
2105 2789 2191 2858 M
2240 2837 2260 2857 .
2340 2787 2467 2856 Ars
2498 2789 2725 2884 ‘expri-

561 2873 788 2937 ·mendi
833 2873 906 2938 ad
949 2872 1152 2940 vivum
1193 2891 1284 2937 res
1345 2892 1449 2953 per
1507 2881 1723 2940 Ges-tus
1776 2872 2007 2941 exculta
2050 2869 2163 2939 fuit
2217 2891 2254 2936 a
2296 2870 2546 2940 Graecis
2580 2915 2602 2950 ,
2658 2887 2723 2938 et

588 2952 888 3023 Romanis
945 2975 1082 3028 cum
1145 2970 1489 3021 exterorum
1532 2953 1948 3032 ,admiratione
1980 3000 2004 3021 .
2087 2952 2346 3021 Inseruit
2408 2951 2552 3018 haec
2593 2952 2727 3019 Ars

591 3038 798 3118 (quae
837 3034 957 3104 fere
995 3035 1247 3102 omuino
1287 3051 1373 3102 est
1414 3035 1757 3118 deperdita,
1800 3053 1858 3101 et
1898 3031 2065 3111 cujus
2108 3033 2303 3102 solum
2328 3033 2589 3116 ‚vestigia
2632 3054 2727 3099 re·

589 3133 746 3181 stant
789 3119 846 3181 in
889 3115 1122 3183 actione
1162 3115 1492 3183 Oratorum
1546 3161 1568 3196 ,
1626 3134 1685 3182 et
1743 3115 2168 3196 scenicorum)
2228 3115 2303 3182 ad
2361 3111 2725 3199 loquendum

591 3217 726 3260 curn
768 3197 996 3274 surdis,
1037 3214 1097 3262 et
1140 3196 1400 3265 barbaris
1440 3199 1675 3278 ignotae
1718 3195 1996 3275 linguae.
2038 3197 2169 3264 Rex
2191 3195 2414 3274 Ponti,
2454 3195 2559 3280 qui
2585 3194 2725 3262 Ro-

589 3297 754 3342 mam
800 3295 1034 3342 venerat
1077 3277 1186 3346 sub
1227 3279 1512 3358 Nerone,
1551 3278 1631 3344 ab
1668 3299 1743 3342 eo
1788 3277 2064 3344 Mimum
2150 3278 2329 3353 etiit,
2369 3294 2435 3344 ut
2480 3293 2717 3358 posset,

589 3375 664 3422 eo
709 3356 1164 3437 interlocutore,
1205 3379 1310 3440 per
1341 3374 1551 3441 gestus
1590 3356 1753 3443 loqui
1794 3381 1930 3426 cum
1973 3379 2114 3426 acco
2140 3358 2188 3422 is
2246 3356 2552 3436 barbaris,
2655 3359 2718 3424 ui

593 3434 856 3516 linguam
902 3439 1078 3505 Ponti
1103 3459 1238 3505 ‚non
1282 3439 1735 3520 intelligebant.
1776 3441 1944 3505 Haec
1987 3439 2110 3506 Ars
2152 3439 2451 3534 Syracusis
2519 3439 2580 3505 in
2668 3439 2720 3503 i·-

587 3516 724 3582 cilia
791 3535 920 3583 orta
981 3518 1194 3586 dicitur
1249 3540 1322 3588 ex
1385 3520 1665 3586 Hieronis
1724 3515 2003 3601 Tyranni
2065 3519 2311 3586 saevitie
2346 3565 2368 3601 ,
2432 3537 2551 3601 qua
2610 3541 2717 3586 ve·

589 3597 705 3664 tuit
744 3598 1126 3692 Syracusanis
1151 3647 1173 3680 ,
1213 3601 1433 3668 mutuis
1473 3599 1791 3684 colloquiis
1852 3603 1938 3666 uti
1981 3647 2001 3682 ,
2064 3599 2266 3678 jubens
2306 3647 2328 3682 ,
2387 3619 2542 3684 quae
2604 3619 2717 3666 ne-

585 3698 828 3743 cessaria
875 3697 1103 3757 essent,
1138 3699 1316 3762 gestu
1360 3699 1560 3762 petere
1599 3729 1619 3762 ,
1680 3699 1739 3746 et
1778 3700 2104 3759 exponere.
2186 3679 2525 3748 Franciscus
2584 3679 2713 3747 Ba-

583 3780 656 3827 co
695 3781 729 3836 a
777 3757 1130 3832 Verulamio
1165 3781 1336 3862 vocat
1381 3771 1593 3857 cestus
1614 3761 2085 3847 Hieroglyphica
2126 3761 2719 3908 transeuntiagnDe,

2535 3863 2557 3908 ι
2601 3877 2629 3892 -
