2985 4387
1272 334 1419 415 vt
1647 332 1650 337 ·
2247 296 2366 431 ²49

994 486 1772 564 Cottoztantuu.

385 610 585 685 Vitia.
628 608 895 681 Fortasse
937 612 1209 695 Vitium,
1244 616 1318 682 de
1359 636 1483 701 quo
1524 613 1825 699 quereris,
1867 630 1928 703 et
1971 611 2033 681 in
2075 610 2205 681 allis
2249 630 2454 699 repre*
2519 652 2527 673 ι

302 690 549 780 hendis,
592 700 643 763 si
688 714 750 761 te
788 694 1107 777 diligenter
1146 699 1502 773 excusseris,
1547 696 1778 763 in-sinu
1820 713 1930 763 tuo
1971 696 2231 762 invenies
2256 706 2304 764 ‚⁶
2343 696 2443 761 Ita

304 780 520 847 seneca
565 776 677 845 lib.
713 798 777 859 7.
818 775 894 843 de
933 777 1134 863 Renes.
1176 801 1226 845 c.
1269 783 1367 847 28.
1414 778 1573 845 Vide
1611 780 1815 847 Virtus
1846 782 2030 861 'supra
2058 826 2078 842 .

464 868 557 925 Ex
592 856 747 927 vitio
788 855 1037 949 alterins
1075 862 1325 955 Sapiens
1359 856 1634 924 emendat
1677 880 1850 925 suum
1870 905 1891 928 .
1952 858 2054 925 Ita
2099 858 2171 930 P.
2210 857 2392 940 Syrus
2429 899 2454 939 ,

472 948 656 1005 Peras
692 939 975 1023 impos-un
999 950 1244 1025 ,Ταρπη-
1283 938 1447 1006 nobis
1485 940 1644 1006 duas
1659 988 1679 1009 .
1903 966 1908 971 “
2233 934 2248 962 ‘

470 1018 737 1104 Propriis
774 1022 1059 1105 repletam
1098 1019 1278 1091 vitiis
1310 1038 1449 1113 post·
1484 1041 1654 1105 terga
1693 1018 1866 1089 dede‘t
1891 1044 1914 1088 a

468 1100 711 1169 Alienis
744 1120 882 1195 ante
911 1102 1125 1189 pectus'
1161 1102 1479 1185 suspendit
1510 1126 1802 1188 gravem:

467 1192 602 1251 Hac
642 1208 704 1249 re
744 1184 947 1251 videre
986 1186 1156 1253 mala
1196 1204 1392 1251 nostra
1431 1208 1541 1251 mm
1574 1204 1886 1269 possumus
1905 1231 1926 1251 .

310 1259 412 1331 Ita
455 1265 757 1335 Phaedrus
822 1262 935 1335 lib.
974 1288 1041 1347 4.
1104 1266 1257 1335 rab.
1297 1289 1358 1344 o.
1451 1267 1626 1333 Vitia
1667 1269 1786 1335 duo
1827 1285 1956 1332 esse
1994 1262 2270 1357 omnium
2314 1280 2452 1346 gra-

304 1346 551 1415 vissima
582 1394 605 1427 ,
665 1364 723 1413 et
769 1349 1079 1417 teterrima
1145 1348 1235 1413 ait
1277 1348 1590 1431 Epictetus
1613 1392 1634 1426 ‚
1699 1349 2195 1426 Incola-annam,
2241 1363 2303 1411 et
2351 1352 2459 1440 173-

302 1426 725 1497 continenciam
747 1452 771 1489 .·
817 1448 971 1512 quae
1014 1430 1321 1508 vitantur,
1362 1429 1406 1492 si
1450 1428 1569 1495 duo
1591 1429 1766 1496 verba
1787 1430 2204 1497 observemust
2246 1436 2452 1496 Sustr-

310 1534 424 1590 ne,
464 1528 524 1575 et
568 1506 824 1574 Abstine
850 1554 869 1573 .
958 1508 1058 1575 Ex
1098 1508 1327 1577 duobus
1371 1507 1494 1575 illis
1538 1510 1698 1575 vitiis
1737 1528 1935 1577 cetera
1977 1508 2325 1591 profluunt,
2384 1522 2453 1575 et

309 1590 433 1657 illis
479 1589 805 1667 devitatis,
848 1588 1196 1656 devitantur
1236 1590 1443 1657 omnia
1472 1636 1492 1657 .
1538 1586 1706 1657 Vide
1743 1590 1882 1657 Vita
1929 1589 2189 1657 humana
2231 1610 2450 1675 supra.

304 1669 471 1739 Vitia
496 1720 517 1754 ,
557 1693 657 1736 seu
702 1669 845 1738 mali
887 1668 1132 1737 habitus
1157 1711 1180 1748 ‚
1244 1670 1305 1736 in
1332 1669 1617 1739 'moribus
1661 1672 1910 1738 reddunt
1953 1669 2226 1737 homines
2269 1672 2458 1752 persi-

305 1752 477 1819 miles
522 1752 775 1819 belluis=
820 1751 955 1817 vide
996 1750 1323 1827 Boethium
1368 1749 1482 1819 tib.
1518 1773 1570 1821 t.
1613 1752 1692 1817 de
1707 1754 1939 1819 consol.
1972 1748 2140 1821 Phil.
2167 1768 2350 1817 metro
2378 1770 2444 1835 3.

307 1836 479 1901 Idem
520 1835 779 1900 docuere
812 1830 989 1899 multi
1036 1831 1393 1917 Philosophi
1428 1876 1449 1915 ,
1488 1852 1553 1899 et
1597 1834 1825 1901 Poetae
1869 1832 2118 1899 Ethnici
2152 1879 2187 1916 ,
2215 1830 2450 1899 lumine

308 1917 473 2009 Fidei
521 1914 829 1984 destituti.
874 1914 1030 1981 Vide
1072 1915 1466 2009 Horat.·Odq
1505 1936 1606 1995 24.
1648 1916 1695 1983 l.
1719 1934 1796 2062 ἐ.
1839 1918 2132 1981 Scelerum
2191 1911 2250 1979 si
2307 1912 2448 1979 bene

301 2014 561 2081 poenitet
606 1995 924 2063 Eradenda
957 2016 1151 2080 prava
1191 1997 1499 2080 cuptdims
1535 2016 1674 2062 sunt
1766 1999 2020 2062 lementa
2043 2044 2065 2077 ,
2121 2013 2182 2061 et
2222 2010 2452 2061 tenerae

250 2116 257 2127 ·
308 2096 531 2143 mentes
590 2075 984 2161 asperioribus
1032 2074 1390 2163 formandae
1430 2074 1660 2144 studiis·
1693 2124 1713 2145 .
1780 2080 1879 2146 Ita
1941 2076 2236 2145 Horatius
2295 2075 2454 2167 serio

314 2160 605 2227 scribens.
667 2159 797 2240 Qui
840 2156 1007 2226 Vitia
1035 2207 1057 2240 ,
1113 2174 1175 2226 et
1218 2160 1471 2228 virtutes
1515 2168 1614 2226 ex'
1655 2180 1854 2247 aequo
1912 2158 2180 2239 habent,
2239 2176 2298 2226 et
2339 2156 2456 2225 hoss

312 2259 482 2308 nesta
524 2259 737 2322 putant
779 2240 985 2306 omnia
1014 2286 1037 2321 ,
1097 2261 1254 2325 quae
1314 2243 1644 2308 utilitatem
1676 2291 1697 2323 ,
1762 2261 1823 2307 et
1868 2240 2240 2325 voluptatem
2305 2237 2457 2307 affe-

307 2340 493 2402 runt,
536 2337 601 2386 ut
642 2319 817 2388 multi
860 2341 931 2386 ex
972 2323 1159 2388 nostri
1202 2324 1421 2389 saeculi
1467 2319 1848 2407 philosophis
1876 2370 1898 2406 ,
1963 2326 2024 2389 in
2066 2322 2298 2391 lumine
2341 2323 2459 2389 hu-

316 2400 409 2480 jus
450 2399 629 2469 seculi
674 2399 1049 2484 caligantes,
1084 2403 1382 2470 devitandi
1428 2403 1680 2472 omnino
1719 2421 1860 2473 sunt
1903 2419 2192 2492 tanquam
2253 2420 2454 2488 pestes

310 2481 557 2552 humani
626 2486 851 2565 generis
898 2525 921 2561 ,
1002 2502 1291 2569 tanquam
1357 2506 1658 2552 eversores
1717 2485 2016 2554 humanae
2078 2486 2389 2553 societatis
2425 2533 2452 2568 ,

312 2583 601 2650 tanquam
641 2561 963 2648 opprobria
1006 2563 1183 2644 hujus
1221 2567 1401 2649 aevi,
1438 2585 1502 2634 et
1540 2587 1826 2654 tanquam
1853 2585 2231 2648 corruptores
2254 2608 2277 2641 .
2320 2585 2452 2633 car-

316 2649 662 2728 cinomata,
703 2665 764 2712 et
808 2644 1143 2730 pestilentia
1183 2667 1419 2717 nostrae
1459 2651 1676 2717 aetatis
1703 2695 1726 2716 .
1793 2648 1907 2716 Ab
1945 2648 2066 2717 illis
2125 2645 2283 2713 nihil
2327 2667 2456 2712 non

316 2728 693 2807 timendum,
734 2745 801 2796 ut
862 2747 925 2794 et
992 2728 1072 2797 ab
1112 2727 1343 2796 infectis
1380 2751 1588 2797 eorum
1633 2730 1908 2796 doctrina
1939 2776 1961 2812 ,
2020 2730 2067 2794 si
2109 2726 2450 2800 clanculum

308 2831 523 2877 nocere
585 2809 722 2876 aliis
787 2809 1049 2889 possint,
1108 2809 1434 2878 dummodo
1476 2833 1548 2876 ex
1608 2809 1870 2877 aliorum
1909 2809 2256 2877 calamitate
2295 2851 2316 2889 ,
2387 2824 2452 2873 et

308 2893 567 2972 pernicie
606 2888 1084 2959 emolumentum
1125 2888 1409 2977 aliquod,
1468 2889 1559 2958 vel
1605 2890 2023 2972 voluptatem,
2062 2891 2188 2958 sine
2228 2909 2460 2972 poena-

309 2993 443 3038 rum
488 2972 893 3054 legitimarum
938 2991 1147 3049 metu,
1285 2970 1827 3056 rcipere‘valeant.
1888 2971 2039 3039 Non
2099 2970 2260 3038 enim
2303 2991 2452 3052 poe-

306 3073 415 3118 nas
458 3051 605 3118 alias
648 3052 867 3118 timent
912 3048 1161 3136 Ingenia
1264 3073 1367 3118 aec
1396 3049 1636 3136 fhrte'a,
1695 3072 1880 3137 quam
1986 3073 2098 3120 uae
2165 3051 2450 3118 humanis

307 3131 539 3212 legibus
580 3151 713 3200 sunt
752 3133 1013 3200 sancitae
1053 3153 1163 3213 pro
1202 3135 1363 3199 notis
1402 3132 1684 3217 delictis;
1745 3156 1880 3202 cum
1981 3157 2016 3202 e
2058 3134 2178 3203 Dei
2227 3133 2452 3200 Provi-

308 3213 512 3279 dentia
536 3256 559 3289 ,
629 3236 689 3280 et
732 3213 895 3292 justo
931 3215 1172 3296 Judicio
1210 3216 1306 3281 vel
1345 3215 1617 3284 dubitent
1645 3258 1668 3295 ‚
1731 3215 1824 3284 vel
1866 3215 2194 3298 praefracte
2235 3236 2306 3281 ea
2345 3236 2457 3282 ne·

278 3313 450 3375 -gent
490 3341 511 3376 ,
574 3296 941 3364 Animorum
998 3295 1544 3366 Immortalitatem
1581 3339 1609 3376 ‚
1661 3319 1736 3365 ac
1791 3318 2038 3366 aeterna
2097 3295 2394 3378 supplicia
2427 3337 2471 3376 ‚-

304 3396 463 3473 quae
499 3376 713 3442 Sacrae
748 3377 1017 3444 Litterae
1054 3376 1357 3444 sceleratis
1395 3378 1847 3448 comminantur
1883 3428 1904 3462 ,
1966 3398 2034 3446 ut
2089 3377 2324 3446 fabulas
2365 3377 2450 3444 ir-

302 3457 555 3524 ridentes
574 3491 607 3540 ,·
635 3480 707 3524 ac
746 3461 1019 3540 satyricis
1056 3460 1483 3528 scommatibus
1522 3459 1870 3528 cavillantes
1905 3509 1926 3529 .
1963 3460 2298 3528 Seeularem
2323 3505 2346 3539 ,
2386 3474 2452 3525 et

302 3537 789 3606 Ecclesiastieam
838 3543 1201 3608 potestatem
1246 3540 1658 3625 Tyrannidem
1717 3542 2027 3626 appellant
2065 3589 2088 3622 ,
2156 3559 2218 3607 et
2277 3561 2450 3608 com·

306 3622 587 3687 mendare
622 3643 741 3687 non
781 3639 1009 3690 cessant
1050 3622 1381 3704 ingenitam
1422 3626 1696 3691 omnium
1736 3624 2208 3712 aequalitatem,
2265 3639 2328 3688 et
2372 3620 2458 3689 li-

310 3698 645 3782 bertatem,
684 3724 841 3788 quae
878 3701 1055 3770 nullis
1096 3703 1325 3786 legibus
1347 3703 1522 3770 debet
1563 3709 1926 3787 temperari.
1970 3705 2207 3772 Interea
2237 3721 2448 3772 tamen

312 3784 597 3852 sceletum
636 3773 881 3866 suorn'm
920 3783 1295 3856 occultorum
1338 3807 1557 3869 poenas
1585 3789 1750 3856 taciti
1797 3787 1968 3856 luunt
1988 3834 2010 3869 ,
2051 3783 2452 3854 conscientiae

312 3861 601 3935 clamores
640 3867 787 3950 diu,
838 3884 1183 3955 noctuque,
1226 3866 1370 3938 licet
1405 3868 1594 3937 inviti
1637 3867 1936 3940 audientes
1963 3915 1987 3952 ,
2045 3867 2332 3949 dubiique
2371 3863 2449 3932 de
