2985 4387
573 444 592 459 r
673 410 904 481 'Fabiu
941 406 1122 479 Mai.
1163 404 1497 490 Dictators
1525 407 1775 476 militari
1816 421 1947 473 arte
1974 404 2213 491 insignis
2239 452 2259 487 ‚
2302 406 2410 493 qui
2452 424 2737 477 cunctan-

577 494 684 563 ²do
723 496 1066 563 Romanam
1109 494 1367 559 restituit
1409 512 1535 558 rem
1582 510 1771 573 paene
1806 486 2220 571 deploratam,
2259 510 2395 559 etun
2418 488 2743 562 Hannibal.

587 576 798 643 multis
836 572 1076 659 praeliis
1131 573 1446 643 Romanos
1483 569 1774 639 afflixerat
1812 612 1835 647 ‚
1890 592 2100 637 eorum
2162 572 2517 641 exercitibus
2556 594 2737 656 saepe

591 657 836 725 deleris.
881 654 1212 723 Hannibali
1256 655 1466 738 peritia
1510 647 1694 719 rabie·
1736 660 1991 733 pugna'm
2032 654 2421 721 detrectantis
2456 699 2480 734 ,
2538 654 2735 723 admi-

584 738 813 805 ‘rationi
857 736 1012 803 fuit.
1051 732 1315 816 Fabius,
1358 734 1575 830 Populi
1624 734 1814 799 Rom.
1854 732 2242 804 detractiones
2280 754 2664 804 contemnens
2708 782 2739 820 ,

583 818 777 903 Reip.
817 817 990 886 saluti
1035 816 1192 910 fuit,
1235 834 1302 884 ut
1340 834 1499 883 canit
1546 814 1776 883 Ennius
1816 813 1874 879 in
1914 816 2035 881 suis
2074 810 2454 909 Annalibus,
2492 816 2729 901 dicens,

582 916 1211 1077 ξξῖιῗτςῗτπῗρὲςῐῖιίῗςτίτ
1223 896 1426 1069 {³2:1ss
1469 917 1665 1075 {lit-ge,
1686 893 2731 1071 “agmbggopgrssmmtexffiolmagagae

589 1062 682 1130 illi
724 1079 1108 1130 circumventi
1171 1080 1204 1123 a
1275 1058 1631 1135 Venenttbus
1696 1056 1781 1120 ad
1812 1054 2060 1123 fluvium
2106 1058 2487 1125 Cremeriam
2534 1102 2559 1135 ‚
2626 1060 2730 1128 vel

577 1142 833 1211 ·Alliam
879 1159 1200 1225 pugnantes
1241 1137 1837 1219 trucidati-fuerunt,
1876 1136 2219 1208 Menennio
2256 1141 2537 1223 Agrippa
2579 1184 2603 1219 .
2662 1160 2727 1210 et

586 1222 695 1293 Μ.
739 1224 1004 1291 Horatio
1050 1220 1312 1287 Pulvillo
1351 1220 1534 1289 Coss.
1654 1248 1659 1253 ·
1840 1296 1857 1311 ·
1896 1295 1911 1309 ·

629 1300 986 1371 frabre‘cim·
1025 1306 1050 1381 (
1093 1302 1178 1368 C.
1218 1304 1246 1379 )
1285 1300 1438 1370 Cos.
1480 1302 1645 1372 Vide
1682 1300 1987 1365 Aemilius
2022 1300 2081 1367 in
2122 1308 2204 1369 A.
2248 1300 2351 1371 De
2392 1323 2467 1371 eo
2506 1324 2729 1387 magna

587 1408 728 1453 cum
766 1385 940 1454 laude
978 1384 1117 1451 Seu.
1161 1388 1274 1465 Ep.
1303 1402 1437 1451 121.
1473 1404 1611 1450 eum
1654 1382 1907 1449 Aristidi
1953 1382 2307 1449 Atheniensi
2368 1404 2573 1465 parem
2634 1384 2731 1453 fa-

577 1470 786 1534 tiens.
827 1466 989 1531 Vide
1028 1466 1170 1531 Gel.
1214 1466 1262 1529 Ι.
1291 1486 1343 1532 ι.
1379 1490 1432 1531 c.
1457 1487 1553 1547 ¹4·
1620 1464 1719 1531 ubi
1762 1465 1888 1539 ejus
1949 1484 2287 1544 responsum
2349 1468 2421 1529 ad
2484 1466 2729 1533 Samni-

575 1558 738 1695 ‘tumy
763 1546 1302 1647 leg-atqsmagnam
1345 1546 1470 1614 vim
1513 1548 1643 1615 auri
1686 1546 1741 1613 ci
1768 1542 2132 1614 offerentes.
2178 1544 2341 1613 Vide
2376 1544 2501 1613 alia
2538 1551 2614 1616 de
2652 1569 2732 1619 eo

579 1647 653 1701 'n
729 1648 1025 1713 peelmlne
1043 1674 1064 1699 o

1278 1730 2033 1835 Conottarttuar.

579 1900 586 1909 ·
668 1870 946 1941 facetiae
967 1920 986 1956 ‚
1027 1890 1200 1965 saepe
1223 1870 1545 1940 damnosae
1574 1870 1981 1964 Auctoribus.
2027 1870 2193 1938 Vide
2210 1866 2542 1938 Dicterium
2561 1912 2584 1949 ‚
2610 1878 2733 1956 Jo-

567 1974 724 2033 αις,
762 1956 1180 2035 sales,501peo
1207 1952 1264 2018 in
1285 1952 1671 2021 suislitteris.
1714 1960 1985 2019 Facenae
2004 1952 2380 2033 urbanae,et
2406 1956 2533 2020 sine
2554 1976 2723 2022 mor.-

587 2056 658 2101 su
699 2036 1032 2115 delectant,
1062 2052 1130 2114 „et
1173 2034 1352 2099 risum
1392 2034 1696 2102 excitant.
1737 2032 1967 2101 Siculus
1996 2034 2239 2117 quidam
2263 2082 2284 2115 ,
2324 2036 2419 2102 cui
2463 2035 2723 2103 Praetor

575 2114 780 2200 Scipio
819 2116 1148 2183 Patronum
1216 2113 1276 2179 in
1317 2136 1518 2181 caussa
1580 2116 1839 2200 quadam
1900 2117 2139 2182 dederat
2198 2114 2459 2196 nobilem
2516 2116 2719 2183 homi-

576 2210 764 2278 nem,
802 2199 898 2264 sed
941 2197 1252 2272 ignarum:
1297 2196 1544 2280 Quaeso
1570 2246 1589 2276 ,
1630 2201 1873 2282 inquit,
1916 2197 2209 2276 Praetor,
2248 2199 2322 2266 da
2368 2199 2718 2267 adversario

576 2297 720 2342 meo
765 2278 918 2348 hunc
957 2277 1284 2344 Patronum
1307 2325 1328 2359 ,
1367 2296 1428 2342 et
1467 2277 1619 2344 mihi
1646 2278 1873 2345 deinde
1910 2279 2253 2346 neminem.
2293 2278 2459 2358 Cum
2502 2279 2718 2360 Scipio

575 2353 803 2424 Nasica
843 2359 918 2423 ad
966 2357 1149 2424 Ennii
1193 2359 1438 2424 domum
1485 2360 1723 2439 ivisset,
1764 2381 1824 2427 et
1866 2357 2101 2428 Ennius
2139 2360 2304 2426 domi
2348 2378 2546 2442 esset3
2594 2359 2717 2436 ius-

575 2438 652 2504 sit
715 2441 766 2506 is
825 2437 1078 2507 ancillae
1115 2487 1137 2522 ‚
1196 2439 1417 2506 diceret
1456 2441 1715 2523 Scipioni
1755 2485 1779 2519 ,
1836 2462 1901 2506 se
1940 2441 2105 2508 domi
2150 2463 2267 2510 non
2307 2463 2473 2508 esse.
2544 2441 2717 2511 Cum

689 2537 784 2588 tea
829 2519 1058 2588 Ennius
1080 2520 1156 2585 ad
1193 2519 1530 2602 Scipionem
1573 2521 1862 2590 Nasicam
1922 2523 2181 2590 amicum
2246 2523 2490 2605 ivisset,
2530 2541 2595 2589 et
2634 2524 2727 2591 il-

603 2621 704 2668 um
743 2623 780 2670 e
820 2601 996 2684 janua
1041 2616 1386 2685 quaereret,
1426 2599 1784 2674 exclamavit
1828 2602 2096 2682 Nasica,
2150 2623 2215 2670 se
2250 2603 2415 2670 domi
2460 2625 2577 2673 non
2620 2627 2719 2671 es*

572 2701 678 2752 te:
721 2701 848 2752 tum
893 2683 1164 2750 Ennius:
1205 2705 1449 2766 agnosco
1473 2727 1495 2760 ,
1533 2684 1765 2766 inquit,
1802 2705 1999 2751 vocem
2029 2701 2230 2749 tuam.
2271 2684 2394 2752 Cui
2440 2683 2667 2754 Nasica
2692 2709 2717 2753 t

574 2761 740 2858 homq
759 2761 1068 2850 impudens
1098 2787 1163 2829 es
1176 2813 1195 2828 .
1241 2771 1360 2848 Ego
1395 2781 1452 2828 te
1484 2787 1615 2830 cum
1632 2787 1959 2849 quaererem
1980 2807 2002 2844 ,
2040 2764 2303 2831 ancillae
2320 2762 2548 2832 credide·
2576 2790 2597 2832 r
2640 2785 2716 2834 tn

571 2845 726 2914 i'm'ln
755 2872 861 2914 non
889 2844 1124 2913 credis?
1173 2843 1429 2912 Crassus
1448 2893 1469 2926 ,
1491 2869 1630 2913 cum
1654 2869 1919 2914 caussam
1944 2865 2147 2914 oraret
2164 2893 2183 2926 ,
2211 2846 2619 2929 interpellatus
2634 2851 2721 2918 ab

577 2929 808 2997 Helvio
851 2929 1059 2996 Lamia
1103 2929 1375 2995 Patrono
1416 2929 1747 2994 contrariae
1771 2929 1959 3010 partis
1993 2974 2014 3007 ‚
2074 2927 2323 2996 homine
2386 2927 2638 2995 deformi
2682 2963 2711 3012 ς

565 3011 759 3079 dixit:
804 3007 1160 3077 Audiamus
1182 3013 1513 3092 pulcellum
1547 3029 1795 3093 puerum
1820 3057 1839 3076 .
1881 3007 2051 3079 Cum
2094 3010 2345 3076 arrisum
2387 3029 2576 3094 esset3
2617 3011 2719 3078 di-

572 3094 664 3160 xit
707 3093 958 3160 Lamias
1004 3101 1138 3160 Non
1173 3089 1346 3172 potui
1373 3089 1643 3172 fhrmam
1678 3088 1839 3160 mihi
1881 3088 2005 3178 r'pse
2050 3091 2283 3184 fingere
2320 3105 2339 3152 3
2398 3088 2715 3176 ingenium

561 3169 773 3274 potui.
815 3171 1006 3241 Tunc
1067 3173 1371 3264 Crassus:
1417 3171 1804 3250 Audiamus,
1843 3172 2037 3259 inquit
2063 3215 2083 3248 ,
2120 3175 2447 3239 diser-tumr
2510 3172 2715 3242 multo

569 3251 977 3321 vehementius
1017 3265 1275 3321 arrisum
1319 3269 1444 3321 est.
1504 3253 1673 3320 Cum
1714 3251 1907 3320 malus
1948 3252 2178 3320 Orator
2236 3253 2711 3323 misericordiam

564 3353 633 3400 se
669 3333 726 3400 in
767 3335 1312 3426 epilogompvisse
1351 3334 1420 3398 in
1465 3331 1734 3402 favorem
1800 3337 2055 3402 accusati
2098 3353 2382 3420 putaret3
2468 3337 2713 3416 rogavit

563 3411 864 3482 Catulum
909 3463 930 3496 ,
990 3438 1066 3485 an
1110 3433 1194 3481 ita
1237 3427 1388 3482 esset
1429 3459 1450 3492 ‚
1513 3437 1616 3482 seu
1655 3460 1676 3493 ‚
1734 3435 1813 3481 an
1854 3416 2088 3496 Judices
2126 3416 2201 3482 ad
2246 3416 2713 3485 misericordiam

563 3495 898 3563 movisset?
945 3497 1032 3565 Et
1069 3496 1147 3562 ad
1190 3515 1471 3576 magnam
1516 3495 1761 3582 quidem
1801 3498 1955 3564 dixit
2012 3495 2269 3565 Catulus
2308 3522 2335 3564 .-
2405 3498 2707 3567 neminem

565 3575 756 3642 enim.
775 3575 964 3644 ullum
1009 3594 1133 3644 tam
1155 3579 1388 3644 'durum
1430 3595 1582 3660 puto
1605 3622 1629 3656 ,
1666 3579 1761 3644 cui
1800 3596 1907 3646 tua
1950 3575 2159 3644 Oratio
2199 3579 2533 3648 miseranda
2577 3578 2709 3648 visa

441 3679 445 3684 ·
563 3677 686 3728 uon
721 3655 848 3728 sit.
881 3658 1060 3728 Haec
1102 3681 1172 3728 ex
1210 3659 1815 3743 antiquis-.Rpmanis
1856 3659 2283 3746 scriptoribus.

565 3807 590 3816 --
645 3740 952 3820 facul»
993 3739 1220 3820 Judex:
1268 3740 1428 3809 Vide
1463 3741 1700 3810 Bulbus
1738 3741 1799 3808 in
1842 3749 1913 3810 B.
2477 3749 2485 3754 ·
2606 3751 2615 3756 -
2694 3753 2707 3764 ·

577 3860 588 3871 .
639 3817 948 3896 salsitas.
995 3821 1154 3892 Vide
1189 3819 1420 3892 Veritas
1479 3825 1555 3904 in,
1589 3829 1657 3892 V.
1704 3843 1769 3892 et
1806 3821 1875 3900 S..
1932 3819 2257 3916 chrysost.
2311 3831 2488 3897 Hom,
2525 3821 2711 3978 33-:1‘⁸
