2985 4387
678 258 800 345 '192
1604 264 1779 335 RE
1885 314 1898 328 .

600 370 736 449 ιιι.
775 392 827 439 c.
844 388 907 453 9.
945 364 1213 435 Romani
1248 364 1372 433 anti
1418 366 1475 435 ni
1514 382 1580 435 ut
1617 369 1962 453 religiosas,
2001 387 2104 437 sen
2143 367 2340 453 potius
2362 364 2778 452 superstitio-

602 472 698 519 sas
736 441 1135 540 caeremotiias
1174 450 1327 515 circa
1436 470 1642 517 eorum
1679 453 1910 519 cultum
1951 452 2234 517 discerent
2258 497 2279 530 ,
2321 454 2604 517 miserunt
2668 469 2764 515 12
2864 460 2868 466 '

606 532 1013 603 nobilissimos
1034 548 1273 607 Juvenes
1313 532 1387 596 ad
1432 532 1756 616 Etruscos,
1796 550 1864 599 ut
1903 553 2112 601 eorum
2153 533 2492 613 disciplinas
2535 550 2772 595 saetas

514 636 523 643 ·
610 612 849 693 edocti,
890 611 1162 679 Romam
1204 632 1300 679 eas
1342 631 1755 707 reportarent.
1821 615 1919 682 Ita
1965 613 2112 682 val.
2153 612 2338 682 Max.
2379 612 2428 679 Ι.
2475 636 2529 680 t.
2571 634 2639 677 c.
2695 630 2769 675 ι.

601 694 750 760 Cic.
790 696 865 760 de
906 688 1120 760 Divin.
1162 693 1293 774 ait,
1336 701 1378 761 6
1422 715 1631 768 missos
1669 695 1880 775 fuisse,

692 772 1003 858 Rescripta
1067 774 1255 843 Rom.
1320 774 1761 866 Imperatorum
1826 799 1932 856 pro
1987 774 2217 859 legibus
2277 772 2670 841 habebantur
2743 795 2812 853 ‚·

596 857 753 959 quia
794 874 929 939 post
950 856 1193 923 'victum
1237 856 1595 939 Pompeium
1644 904 1665 937 ‚
1729 879 1765 922 a
1810 856 2036 939 populo
2080 859 2140 923 in
2188 860 2475 923 Senatum
2521 900 2545 935 ,
2603 872 2680 922 et
2731 876 2778 918 a

611 944 831 1006 senatu
888 937 963 1003 ad
1032 938 1465 1018 Imperatorem
1506 937 1590 1006 C.
1633 938 1692 1019 J.
1735 938 1914 1005 Caes.
1981 959 2038 1005 et
2081 940 2447 1007 Successores
2507 956 2774 1003 summa

600 1020 939 1086 ‘auctoritas
1008 1016 1296 1084 transfusa
1356 1036 1484 1083 erat
1527 1066 1548 1099 ,
1611 1018 1970 1101 Imperatori
2031 1020 2334 1087 attributis
2413 1018 2780 1101 praecipuis

618 1102 808 1185 Reip;
849 1098 1356 1179 Magistratibus.
1402 1099 1562 1167 Vide
1602 1099 1914 1167 Macrinus
1953 1102 2012 1167 in
2054 1102 2159 1169 M.

698 1178 1013 1251 Revelatio
1055 1180 1295 1248 divina.
1376 1179 1727 1261 Philosophi
1779 1181 2066 1263 Ethnici‚
2126 1202 2379 1267 quorum
2439 1202 2560 1247 non
2606 1200 2776 1271 pau:

618 1264 676 1332 ci
722 1262 955 1347 ingenio
992 1308 1014 1343 ‚
1070 1277 1133 1327 et
1174 1261 1507 1329 eruditione
1568 1262 1948 1345 Philosophis
2007 1264 2506 1331 Antichristianis
2563 1278 2771 1327 nostra

614 1344 805 1413 'seculi
895 1342 1307 1409 raestantiores
1349 1341 1546 1425 fuere,
1587 1362 1660 1411 ex
1707 1346 2118 1427 ignoratione,
2161 1347 2254 1410 vel
2311 1359 2626 1411 contemtu
2669 1342 2776 1425 di-

618 1428 793 1493 vinae
832 1364 1253 1494 {evelationis
1312 1442 1636 1491 contentae
1694 1424 1751 1491 in
1795 1428 1974 1492 sacris
2015 1426 2230 1491 litteris
2268 1471 2291 1504 ,
2351 1426 2478 1491 sola
2522 1424 2776 1514 ratione

618 1504 879 1575 naturali
924 1508 995 1573 de
1034 1505 1205 1573 rebus
1246 1506 1502 1588 divinis,
1547 1526 1610 1573 et
1653 1506 1930 1575 humanis
1969 1508 2305 1574 disserentes
2348 1508 2408 1571 in
2467 1504 2778 1571 crassim-

624 1608 759 1654 mos
798 1607 1027 1654 errores
1068 1584 1390 1655 inciderunt
1428 1632 1450 1667 ‚
1513 1609 1665 1674 quos
1705 1591 2056 1655 devitassent
2094 1635 2117 1670 ‚
2179 1590 2227 1653 si
2271 1608 2460 1653 sacras
2519 1586 2772 1652 litteras

624 1668 821 1753 legere
859 1668 1157 1753 dedignati
1197 1692 1317 1737 non
1360 1667 1639 1738 fuissent.
1697 1670 1942 1741 Multos
2001 1690 2225 1737 errores
2285 1670 2437 1735 circa
2483 1667 2692 1731 divina
2745 1710 2771 1745 ‚

623 1772 686 1818 et
730 1750 989 1819 humana
1052 1750 1494 1821 Ethnicorum’
1526 1749 2028 1847 Philosophorum
2051 1826 2069 1843 .
2090 1768 2353 1818 recenset
2416 1748 2508 1829 Q.
2569 1747 2780 1815 Mod.

622 1832 989 1901 Censorinus
1030 1833 1091 1901 in
1130 1832 1357 1899 Parad.
1427 1829 1816 1917 Philologicts
1869 1835 1943 1900 de
1995 1842 2136 1899 Vita
2171 1878 2194 1915 ‚
2249 1848 2310 1898 et
2369 1839 2561 1895 Morte
2589 1832 2778 1893 Lat.

623 1912 891 1998 Linguae
917 1960 939 1995 ,
978 1935 1129 2002 quos
1179 1914 1314 1979 vide
1354 1914 1415 1979 in
1456 1932 1758 1997 postrema
1795 1910 2227 1985 Dis-screatione
2284 1910 2536 1997 praefati
2591 1910 2780 1994 ope-

622 1998 750 2083 ris,
794 1996 1101 2067 ferrariae
1138 2016 1175 2065 a
1219 1995 1390 2063 nobis
1432 1996 1621 2065 editi.
1888 2082 1890 2084 ‚

1597 2118 1662 2189 R
1705 2120 1776 2188 H

705 2239 1024 2311 Rhetores.
1087 2239 1334 2309 Multos
1374 2244 1518 2312 satis
1557 2246 1842 2331 antiquos
1885 2242 1982 2318 vel
2038 2266 2104 2314 se
2145 2247 2368 2326 priores
2411 2257 2684 2321 tempore
2731 2280 2760 2314 φ

628 2322 728 2391 vel
769 2322 1045 2408 aequales
1086 2341 1339 2392 recenset
1377 2327 1654 2395 Sidonius
1697 2326 2076 2422 Apollinaris
2132 2326 2245 2395 lib.
2289 2345 2370 2414 5.·
2411 2319 2610 2414 Epist.
2663 2340 2771 2386 ιο.

619 2406 705 2480 ,ad
742 2405 1145 2498 Sabaudiutnt
1204 2403 1268 2494 hi
1311 2425 1449 2475 sunt
1490 2407 1856 2491 Delphidius
1887 2453 1910 2486 ,
1972 2407 2298 2492 Agr-nesius
2337 2452 2360 2489 ,
2419 2405 2702 2470 Alcimus·
2747 2439 2776 2476 2

632 2484 1006 2570 Adelpheus,
1074 2493 1378 2570 Magnus,
1418 2487 1787 2570 Victorinus,
1828 2507 1888 2554 et
1930 2489 2260 2564 Palladius
2281 2539 2302 2560 .
2388 2486 2708 2554 Existimo
2750 2525 2778 2558 ‚

634 2587 675 2654 3
706 2566 896 2661 ,hosce
940 2587 1271 2650 postremos
1309 2590 1465 2652 esse,
1552 2594 1762 2639 uorum
1805 2592 1840 2636 a
1881 2587 1981 2634 me
2021 2570 2525 2655 sacramentioin
2567 2565 2776 2650 Speci-

630 2649 1115 2743 mme‚·quique
1172 2649 1267 2717 vel
1322 2669 1467 2719 ante
1577 2654 1902 2732 onoriurn,
1965 2651 2060 2719 vel
2103 2655 2212 2720 sub
2249 2675 2320 2719 eo
2381 2649 2710 2742 floruerunt
2751 2689 2778 2710 .

629 2729 1003 2826 Rhetorshus·
1028 2751 1369 2800 concessum
1410 2751 1498 2801 est
1537 2733 1694 2802 falsis
1731 2781 1752 2813 ‚
1820 2751 1880 2798 et
1941 2735 2204 2802 subdolis
2263 2731 2568 2801 sententiis
2614 2745 2706 2795 utt
2752 2768 2779 2804 ‚

630 2815 819 2882 modo
882 2813 1232 2882 verisimiles
1292 2816 1459 2884 sint:
1525 2817 1659 2883 vide
1718 2811 2060 2881 Castricius
2098 2818 2158 2881 in
2200 2816 2286 2884 C.
2347 2816 2422 2881 In
2485 2811 2642 2892 Reg.
2705 2825 2780 2902 et

631 2894 864 2966 Pontis.
901 2896 1278 2965 Cervariensi
1310 2897 1634 2964 Academia
1658 2945 1678 2980 ‚
1717 2900 1894 2966 unica
1936 2897 2338 2978 Cataloniae,
2379 2917 2414 2960 a
2457 2899 2778 2974 magnam-

630 2999 740 3046 mo
779 2977 879 3046 Re
919 2999 953 3044 e
994 2976 1285 3060 Philippo
1325 2979 1415 3045 V.
1459 2977 1696 3048 fundata
1743 3027 1764 3062 ,
1813 2980 1966 3045 inter
2039 2974 2621 3063 duodequadraginta
2647 3019 2678 3066 2
2706 2985 2778 3035 et

636 3077 717 3128 eo
757 3079 899 3140 amp
927 3061 1015 3126 ius
1055 3059 1393 3126 cathedras
1439 3061 1500 3126 in
1543 3083 1610 3128 ea
1653 3059 1943 3127 stabilitas
1986 3081 2098 3144 pro
2137 3058 2464 3142 disciplinis
2529 3055 2710 3120 variis
2753 3097 2778 3132 ,

632 3155 763 3204 erat
799 3137 1921 3236 cathedra-Rhetorica?,et120eseos
1961 3163 2071 3224 pro
2091 3141 2204 3220 iis,
2245 3141 2348 3229 qui
2395 3141 2454 3204 in
2497 3133 2778 3216 superio-

640 3217 805 3287 ribus
863 3218 1242 3288 facultatibus
1288 3221 1812 3304 laureatiferann
1855 3219 1946 3288 vel
2001 3223 2084 3288 eis
2133 3222 2354 3289 dabant
2393 3240 2640 3300 operam
2703 3211 2781 3278 ad

642 3299 977 3382 exemplum
1009 3319 1271 3368 veterum
1292 3306 1387 3381 (a)
1433 3303 1853 3370 Romanorum
1875 3303 2238 3372 eruditorum
2260 3351 2281 3370 .
2323 3303 2502 3369 Hanc
2541 3294 2779 3364 Cathe-

632 3381 801 3446 dram
837 3381 1075 3466 regebat
1133 3383 1616 3464 contubernalis,
1679 3381 1742 3451 'et
1783 3383 2000 3450 sodalis
2041 3384 2192 3452 olim
2251 3405 2416 3452 meus
2478 3379 2710 3448 Latinis
2749 3418 2778 3452 φ

641 3459 933 3546 Graecis,
974 3481 1036 3530 et
1079 3463 1392 3531 Hebraicis
1434 3461 1751 3533 instructus
1795 3464 2049 3547 litteris,
2081 3467 2351 3546 Orator,
2389 3481 2453 3530 et
2494 3463 2686 3529 Poeta
2714 3477 2786 3522 e-

2568 3561 2699 3622 gre·

633 3621 2782 3658 h-—un—-n-——n--n-——ffl

694 3695 791 3768 (ἕ)
820 3702 1027 3762 Antiqui
1065 3707 1278 3755 Rotnani
1312 3711 1461 3756 etiam
1500 3709 1550 3776 in
1583 3723 1769 3761 matura
1801 3723 1959 3760 aetate
1995 3726 2050 3759 ac
2079 3715 2239 3761 multa
2259 3712 2482 3766 doctrina
2513 3705 2778 3764 instructi.

638 3767 709 3806 et-
728 3775 1095 3824 nonrtumquam
1127 3767 1476 3826 magistratum
1509 3784 1604 3826 jam
1631 3783 1849 3832 gerentes
1873 3771 2248 3830 frequentabant
2279 3771 2479 3820 Schola
2507 3769 2776 3821 'celebrium

626 3819 940 3892 ,Ota—torum,
976 3837 1025 3896 et
1050 3821 1484 3898 peclamatorum,
1517 3842 1573 3878 ut
1605 3832 1658 3878 in
1689 3833 1760 3880 eie
1788 3845 1840 3879 se
1857 3831 2454 3888 exercerentOrationes‚
2485 3832 2563 3878 vel
2593 3829 2768 3878 Decla-

640 3888 887 3979 mtfonu
912 3883 1160 3938 “mundo
1178 3917 1198 3948 ‚
1226 3898 1276 3942 et
1294 3889 1487 3948 memte
1517 3887 1874 3955 Magistratus·
1903 3891 2042 3944 Artis
2073 3900 2264 3945 attente
2291 3888 2536 3943 audiendo
2555 3919 2570 3938 .
