2985 4387
610 373 682 422 tv

521 463 760 540 etiam
840 480 929 539 ut
1001 469 1254 539 errata
1332 461 1498 536 mea
1547 449 1929 556 corrigant
1982 447 2439 558 singulari,
2509 485 2663 560 qua

503 563 848 667 pollent,
903 557 1324 642 eruditione
1364 618 1387 639 .
1463 558 1703 664 Nihil
1765 558 2040 678 quippe
2090 558 2399 662 'gratius
2464 561 2661 642 mibi

467 761 472 768 ι
500 685 754 768 potest
805 663 1240 765 contingere
1291 661 1376 744 in
1430 663 1561 744 hoc
1610 660 1999 750 litterario
2020 723 2046 764 ‚
2100 673 2243 768 qud
2278 691 2615 744 exerceor
2628 725 2659 764 ,

507 768 802 867 labore,
858 796 1083 871 quam
1120 768 1216 847 de
1265 767 1585 867 erratis,
1637 795 1841 870 quae
1882 767 1965 846 in
2016 767 2281 848 varias
2311 767 2659 848 lucubra-

507 870 749 950 tiones
796 898 998 950 meas
1051 869 1409 951 incidisse
1457 897 1747 951 necesse
1794 897 1909 952 est
1926 931 1953 972 ‚
2008 899 2059 949 a
2100 871 2310 951 Viris
2360 869 2651 969 doctis,

506 997 586 1052 et
639 973 901 1055 amicis
953 971 1188 1054 libere
1239 975 1665 1055 admoneri.
1762 975 1855 1053 Si
1929 971 2133 1054 enim
2206 1001 2364 1052 rem
2424 995 2651 1076 prae-

505 1099 722 1155 stant
775 1076 979 1157 nobis
1021 1099 1330 1177 gratam
1383 1075 1494 1178 ii,
1520 1101 1533 1110 “
1564 1075 1697 1180 qui
1744 1077 2071 1158 maculas
2118 1137 2145 1178 ‚
2216 1076 2567 1157 sordesve
2618 1135 2649 1174 ,

505 1179 768 1294 quibus
820 1179 1271 1284 inquinatur
1320 1180 1460 1260 vel
1510 1180 1753 1262 vestis
1784 1241 1812 1281 ‚
1882 1181 2023 1262 vel
2069 1177 2325 1280 facies
2344 1239 2371 1280 ,
2441 1179 2652 1260 nobis

503 1281 850 1362 indicant
904 1344 930 1383 ‚
1003 1306 1140 1363 aut
1213 1283 1453 1364 amice
1501 1307 1817 1386 tergunt
1850 1313 1893 1386 ,·
1967 1305 2244 1388 quanto
2308 1281 2648 1384 gratiori

507 1382 758 1463 animo
807 1407 1100 1488 oportet
1155 1413 1308 1465 esse
1356 1387 1444 1465 in
1497 1416 1656 1489 eos,
1698 1385 1843 1490 ‘qui
1896 1387 2228 1467 maculas
2270 1448 2299 1488 ,
2376 1384 2645 1490 quibus

498 1513 712 1568 mens
779 1511 1034 1568 nostra
1105 1489 1553 1593 deturpatur
1597 1553 1624 1592 ‚
1718 1519 2043 1594 quasque
2127 1489 2645 1594 imprudentes

496 1592 588 1672 in
655 1591 969 1695 Scripta
999 1673 1006 1679 ,
1035 1593 1629 1674 transmittimus
1662 1655 1691 1696 ‚
1763 1594 2008 1674 amica
2076 1591 2648 1694 significatione

497 1693 704 1774 nobis
756 1701 970 1775 not'as
1003 1693 1319 1795 faciunt
1340 1759 1364 1798 ‚
1419 1719 1508 1776 ut
1560 1727 1685 1777 eas
1753 1699 2081 1779 eluamus
2105 1705 2153 1775 ‚⁹
2219 1697 2655 1796 Nunquam·

491 1796 698 1880 enim
747 1827 905 1879 sese
951 1797 1147 1880 mibi
1185 1803 1612 1905 probarunt
1680 1799 1742 1881 ii
1784 1859 1813 1918 2
1874 1799 2021 1918 9²3?
2092 1827 2183 1878 ea
2242 1796 2645 1916 philautia

487 1924 850 1982 tenentur
897 1963 926 2001 ,
1012 1927 1100 1984 ut
1177 1925 1464 2006 putent
1519 1962 1547 2007 ‚
1637 1931 1716 1983 se
1783 1931 1868 1980 in
1936 1931 2034 1981 us
2088 1960 2113 2000 ,
2192 1927 2381 2002 quae
2452 1927 2636 1981 scri-

487 2007 720 2106 bunt,
793 2006 1180 2112 eduntque
1233 2065 1260 2104 ,
1329 2033 1537 2084 mera
1588 2003 1889 2084 oracula
1922 2001 2315 2106 sundere,
2391 2002 2629 2084 nihil-

485 2134 632 2213 que
671 2107 856 2223 pisi
926 2106 1302 2211 Apolline
1355 2167 1384 2208 ,
1461 2130 1540 2186 et
1626 2105 1869 2188 Musis
1954 2107 2280 2215 dignum
2312 2107 2642 2188 -litteris

387 2262 396 2271 ·
483 2237 928 2310 consignare
952 2269 974 2290 .
1027 2246 1035 2251 ·

585 2312 854 2413 Longe
927 2312 1169 2395 aliter
1221 2375 1249 2415 ‚
1325 2343 1413 2394 ac
1495 2308 1626 2417 isti
1679 2372 1706 2414 ,
1783 2310 2161 2395 sentiebat
2225 2314 2323 2394 de
2372 2344 2452 2395 se
2500 2314 2631 2395 do·-

481 2413 908 2515 ctissimus,
964 2438 1044 2496 et
1096 2418 1696 2516 Disertissimus‚
1748 2440 1838 2497 ut
1886 2417 2005 2497 ait
2058 2416 2250 2515 ille,
2324 2419 2630 2499 Romuli

485 2540 841 2623 nepotum
897 2518 1024 2600 Μ
1080 2520 1450 2618 Tullius,
1507 2518 1642 2623 qui
1691 2542 1947 2600 errata
1996 2548 2131 2600 sua
2182 2520 2267 2600 in
2308 2521 2633 2601 nonnul-

488 2623 591 2703 lis
642 2652 692 2699 a
740 2650 820 2700 se
873 2620 1104 2729 editis
1135 2619 1537 2722 fatebatur
1576 2684 1603 2723 ,
1677 2646 1759 2701 et
1809 2624 2201 2706 emendari
2252 2622 2345 2701 ir't
2390 2650 2669 2702 exem--

473 2724 823 2832 pluribus
845 2784 872 2823 ,
923 2754 1113 2827 quae
1164 2728 1253 2805 ab
1291 2724 1557 2808 Attici
1605 2725 1947 2805 librariis
1982 2725 2629 2825 describebantur,

485 2827 760 2909 Attico
811 2830 1368 2907 commendabat
1390 2890 1417 2929 ‚
1472 2855 1611 2907 nec
1662 2831 1979 2909 audebat
2004 2829 2315 2934 Scripta
2345 2856 2479 2909 sua
2510 2826 2629 2907 di-

477 2932 807 3033 vulgare
832 2936 885 3029 ⁴,
952 2931 1141 3033 quin
1213 2960 1300 3015 ea
1349 2930 1626 3011 Attico
1663 2934 2167 3037 probarentur
2187 2993 2215 3034 ‚
2288 2934 2623 3035 optabat·

483 3064 672 3139 que,
738 3031 805 3114 si
872 3034 1063 3135 quid
1126 3032 1214 3115 in
1285 3032 1695 3116 latinitate
1733 3056 2110 3151 peccasset
2161 3095 2189 3135 ‚
2259 3036 2348 3113 ab
2400 3034 2627 3113 Atti-

477 3167 560 3218 co
613 3136 1000 3216 emendari
1049 3197 1073 3217 .
1148 3138 1383 3239 ,Quin
1437 3140 1672 3218 etiam
1727 3166 2053 3237 ingenue
2114 3139 2540 3218 testabatur
2590 3194 2621 3235 ‚

475 3254 568 3322 se'
601 3268 651 3319 a
701 3235 962 3325 nautis
993 3238 1498 3353 piscatoribus
1552 3241 1929 3333 nonnulla
1995 3240 2081 3320 in
2122 3241 2393 3349 latino
2464 3247 2617 3317 ser‘-

475 3372 698 3433 mone
762 3338 1126 3421 didicisse
1180 3372 1229 3419 .’
1301 3344 1570 3443 Longe
1637 3344 1825 3423 item
1900 3342 2135 3425 aliter
2204 3342 2373 3449 viri
2451 3340 2619 3420 'alii

476 3442 1039 3549 eruditissimi,
1109 3443 1244 3547 qui
1292 3474 1442 3525 non
1498 3444 1803 3546 obliti,
1874 3473 1953 3524 se
1977 3444 2333 3525 'homines
2384 3472 2539 3525 esse
2590 3502 2633 3543 ,

477 3548 907 3655 humanum·
935 3540 1142 3629 nihil
1193 3576 1242 3629 a
1287 3574 1366 3630 se
1417 3548 1756 3635 alienum
1794 3551 2175 3652 putabant
2210 3573 2244 3625 .·
2316 3572 2413 3649 σε..
2447 3576 2615 3629 cum

475 3650 798 3733 hominis
874 3678 1026 3732 esse
1095 3680 1352 3733 errare
1421 3680 1572 3733 non
1610 3651 2067 3753 'ignorarent
2115 3708 2143 3749 ‚
2213 3648 2297 3731 in
2368 3676 2619 3732 errore

477 3753 694 3836 velle
716 3780 730 3841 ,·
745 3752 1158 3860 persistere
1230 3750 1720 3837 inhumanum
1788 3754 2354 3834 arbitrabantur
2415 3812 2442 3851 ‚
2500 3755 2619 3829 ‘et

471 3853 755 3943 idcirco
805 3858 1062 3965 Opera
1107 3848 1246 3941 sua
1287 3857 1597 3943 Amicis
1648 3856 2003 3944 doctrina
2038 3854 2613 4025 praestantibus

2484 3976 2541 4023 e·
2576 4000 2587 4011 .
