2985 4387
669 329 790 384 tw

593 421 744 505 xit,
787 437 978 490 nova
1019 414 1093 489 ln
1137 413 1288 489 hoc
1321 415 1558 511 Opere
1600 411 1869 490 tradere
1924 413 2019 488 de
2080 411 2413 488 Romanis
2456 415 2597 489 anti
2696 417 2759 488 's

593 505 933 580 Litteratis
958 557 982 598 ‚
1029 522 1100 580 et
1143 507 1236 580 de
1281 507 1488 582 rebus
1532 507 1629 578 ad
1696 523 1819 580 eos
1878 509 2344 600 spectantibus
2402 507 2502 580 ab
2622 505 2757 582 rbe

594 601 880 673 condita
917 599 1016 672 ‘ad
1061 597 1353 672 Honorii
1396 599 1688 692 Augusti
1731 616 2087 670 excessum
2112 646 2136 668 .

582 713 594 718 ·
683 690 840 763 Non
885 709 1148 788 paucos
1188 697 1531 764 recensuit
1572 690 1833 760 Auctor
1872 692 1950 758 in
1992 689 2353 784 Specimt’ne
2372 740 2397 781 ‚
2460 697 2587 786 qui
2626 698 2759 786 per

587 801 677 856 ea
718 790 1036 876 tempora
1081 783 1398 856 doctrina
1414 831 1442 872 ,
1481 789 1583 854 et‘
1617 783 1880 873 scriptis
1908 779 2129 852 ‘editis
2160 787 2306 876 noti
2349 801 2579 872 erant3
2622 783 2757 858 sed

591 873 849 946 multos
891 895 982 951 ex
1023 870 1331 946 Ethnicis
1352 922 1378 961 ,
1422 891 1492 946 et
1550 868 1949 944 Christianis
1993 869 2329 944 Litteratis
2348 923 2371 965 ,
2416 895 2506 947 ne
2548 875 2758 949 volu-

587 981 756 1037 tnen
801 969 877 1036 in
919 966 1209 1036 nimiam
1257 963 1536 1036 molem·
1570 977 2039 1052 excresceret,
2118 967 2561 1060 minoresque
2604 965 2753 1038 hoc

589 1062 616 1128 i
789 1074 1013 1128 essent
1055 1055 1417 1143 editionis,
1461 1071 1533 1128 et
1574 1055 2033 1126 distractionis
2072 1076 2463 1148 expensae,
2510 1061 2756 1130 missos

661 1153 754 1220 cit
777 1197 800 1236 ,
841 1167 1144 1241 quorum
1190 1147 1655 1219 eruditionem
1678 1192 1702 1233 ,
1746 1144 1863 1218 vel
1906 1149 2158 1242 scripta
2203 1145 2295 1216 ab
2336 1145 2469 1218 illis
2514 1149 2702 1222 edita
2726 1195 2757 1235 ,

691 1261 774 1310 ae
820 1255 1010 1310 nunc
1053 1235 1581 1324 desiderantur,
1626 1241 1713 1307 in
1744 1233 1883 1307 hoc
1914 1235 2189 1308 chico
2250 1235 2557 1310 indicata
2588 1257 2759 1309 tra-

642 1336 737 1412 it,
781 1346 860 1400 ut
904 1333 1073 1399 item
1103 1347 1392 1416 eorum,
1434 1326 1680 1399 saltem
1714 1327 2213 1422 plurimorum,
2254 1331 2381 1402 vix
2422 1347 2590 1400 nota
2622 1349 2757 1399 no-

591 1425 780 1490 mina
801 1468 827 1507 ,
873 1439 954 1488 ac
1003 1437 1107 1488 res
1153 1417 1246 1488 ad
1289 1439 1412 1490 eos
1453 1435 1882 1512 spectanteS.
1958 1415 2345 1490 Nonnullos
2408 1423 2482 1488 in
2526 1419 2758 1512 Speci-

585 1515 762 1582 mine
807 1508 1147 1580 indicatos
1190 1513 1440 1580 iterum
1485 1513 1743 1603 promit
1786 1513 1860 1580 in
1904 1506 2045 1581 hoc
2090 1509 2387 1595 Lexico,
2428 1526 2508 1582 ut
2571 1509 2759 1582 rnul-

469 1646 490 1701 x
579 1617 659 1671 ta
705 1599 923 1672 addat
958 1647 983 1687 ,
1051 1619 1233 1692 quae
1276 1603 1362 1670 in.
1397 1602 1759 1691 Specimine
1826 1599 1921 1672 de
1990 1598 2125 1673 illis
2170 1620 2314 1670 non
2358 1598 2683 1694 leguntur
2724 1652 2757 1694 ,

587 1713 909 1786 quaeque
952 1708 1024 1761 te
1068 1709 1270 1762 nosse
1313 1711 1457 1762 non
1504 1690 1887 1785 poenitebit
1921 1738 1945 1779 ,
2012 1713 2177 1764 cum
2246 1695 2423 1762 scitu
2465 1695 2604 1764 sint
2645 1688 2759 1762 di-

581 1787 904 1876 gnissima
929 1829 956 1870 ,
997 1789 1086 1852 et·
1111 1795 1360 1874 parurn
1391 1781 1655 1864 obvia,
1698 1781 2115 1854 ab‘Auctore
2160 1800 2307 1856 non
2349 1784 2498 1854 sine
2542 1781 2750 1856 labo-

582 1895 657 1946 re
711 1871 1005 1945 collecta
1063 1891 1154 1944 ex
1195 1871 1663 1966 Scriptoribus
1724 1874 2024 1966 ant‘quis
2062 1919 2089 1960 ,
2150 1889 2223 1943 et
2282 1873 2677 1946 recentibus
2719 1921 2760 1962 ,

577 1969 716 2060 qui
748 1985 836 2036 ea
877 1963 1108 2034 obiter
1142 2011 1174 2048 ,-
1228 1981 1300 2034 et
1345 1961 1541 2034 aliud
1586 1980 1867 2057 agentes
1942 1967 2373 2058 sparsimque
2440 1963 2751 2039 tradide-

580 2073 744 2128 runt
763 2100 784 2124 .
826 2051 1010 2125 Huic
1055 2053 1282 2124 labori
1325 2049 1643 2126 laborem
1690 2046 1959 2126 addens
2000 2051 2317 2126 indicem
2361 2059 2583 2127 texuit
2628 2075 2755 2126 ac-

581 2163 901 2219 curatum
944 2163 1034 2217 ex
1073 2141 1326 2215 ordine
1368 2141 1779 2217 Litterarum
1812 2143 2191 2238 Alphabeti
2219 2144 2258 2235 >(
2294 2147 2489 2239 quod
2532 2150 2755 2218 etiam

579 2244 656 2309 in
699 2238 1060 2396 Ssecimine
1103 2240 1527 2329 praestiterat
1570 2240 1609 2329 )
1650 2240 1963 2309 virorum
2010 2236 2442 2309 eruditorum
2506 2241 2581 2307 in
2626 2260 2757 2311 va-

583 2334 690 2402 rio
793 2330 1182 2398 itteramrae
1224 2345 1478 2419 genere
1501 2375 1527 2415 ,
1572 2345 1699 2413 seu
1742 2324 1835 2399 ad
1882 2329 2110 2399 varias
2154 2327 2402 2399 classes
2441 2327 2759 2421 discipli-

583 2440 834 2490 narum
891 2419 1041 2575 (ag
1096 2424 1553 2511 spectantium
1598 2466 1623 2506 ,
1700 2440 2005 2511 quorum
2080 2422 2409 2491 instaurat
2486 2440 2756 2491 merno-

539 2516 762 2599 ,riam
795 2556 820 2597 ,
865 2529 954 2580 eo
1045 2530 1134 2579 ne
1167 2558 1192 2598 ,
1241 2528 1336 2579 ·ut
1377 2508 1609 2603 siquid
1679 2508 1795 2580 vel
1858 2530 1947 2580 ex
1991 2508 2184 2582 lectis
2228 2513 2301 2580 in
2344 2510 2757 2600 specimine,

583 2617 708 2674 aut
749 2604 826 2671 in
868 2598 1166 2689 Lexico,
1208 2598 1326 2671 vel
1373 2599 1653 2673 aliunde
1688 2620 1946 2671 'notum
1979 2650 2007 2687 ,
2070 2598 2195 2671 sed
2262 2620 2513 2693 parum
2554 2616 2773 2672 tena-.

581 2698 758 2766 citer
819 2696 1198 2762 memoriae
1258 2690 1552 2763 infixum
1616 2690 1745 2760 tibi
1792 2689 2141 2784 placuerit·
2196 2694 2271 2761 in
2328 2694 2755 2763 memoriam
2798 2711 2809 2718 ·

581 2802 917 2858 revocare
957 2782 995 2873 (
1036 2782 1236 2875 quod
1281 2788 1488 2875 saepe
1556 2785 1633 2850 in
1690 2783 1829 2875 jam
1886 2782 2080 2853 lectis
2140 2781 2394 2853 accidit
2439 2782 2475 2875 )
2518 2802 2603 2853 ac
2648 2782 2759 2855 al·-

583 2880 720 2950 tius
765 2878 984 2944 menti
1007 2871 1344 2967 infigere,
1391 2872 1627 2945 valeas
1670 2878 1818 2947 sine
1864 2873 2127 2967 jactura
2192 2876 2523 2967 temporis
2564 2872 2758 2947 Indi-

582 2986 726 3037 ατη
767 2962 1204 3036 consulendo
1249 2968 1598 3036 invenire.
2362 2988 2369 2993 ·
2414 2990 2423 2999 ·

609 3104 616 3111 -
667 3058 842 3151 Qui.
861 3054 1176 3131 Iudicem
1221 3052 1510 3151 alicujus
1556 3054 1805 3147 Operis
1848 3058 2145 3127 texuerit
2182 3104 2207 3145 ‚
2264 3053 2465 3126 facile
2506 3052 2759 3125 intelli-

584 3164 705 3243 get
745 3194 770 3235 ,
837 3166 1052 3238 quam
1098 3164 1549 3218 aerumnosus
1592 3144 1713 3217 hic
1776 3142 1982 3217 labor
2042 3149 2129 3218 sit
2174 3173 2195 3217 ε
2260 3151 2385 3239 qui
2426 3150 2784 3239 (punivi-⁴⁵.³

587 3256 924 3331 magnum
967 3240 1332 3329 ingenium
1373 3256 1520 3309 non
1562 3253 1897 3331 exposcat
1916 3284 1943 3325 ,
1980 3254 2079 3309 ut·
2108 3258 2251 3309 non
2296 3240 2611 3329 expooeit
2654 3258 2759 3309 oe·

579 3328 866 3401 condita
911 3331 984 3397 in
1028 3330 1236 3399 variis
1277 3332 1548 3419 scriptis
1582 3330 1955 3413 invenire3
1995 3348 2216 3401 nemo
2260 3348 2437 3399 non
2479 3326 2682 3399 videt
2724 3376 2757 3412 ,

587 3442 754 3495 eum
779 3462 806 3507 ,
848 3421 974 3511 qui
985 3414 1163 3490 haec
1183 3434 1485 3511 praestet
1508 3466 1535 3507 ,
1578 3417 1818 3513 judicii
1840 3466 1865 3507 ,
1896 3434 1971 3490 et
2011 3416 2267 3493 laboris
2290 3418 2489 3495 haud
2504 3421 2755 3578 lexigui

613 3540 624 3549 .
827 3540 830 3545 .
1395 3540 1400 3547 .
2534 3530 2662 3581 au„

611 3658 2739 3699 w

608 3776 768 3853 ,(9)
799 3778 857 3833 ld
889 3792 966 3835 est
995 3780 1452 3835 Grammaticorum
1469 3808 1488 3837 2
1521 3778 1937 3851 Philosophorum
1959 3814 1979 3841 ,
2005 3780 2422 3846 Tholounta,
2450 3782 2751 3841 mmm..

594 3836 996 3912 lumperitorum
1016 3872 1036 3899 ,
1068 3842 1324 3894 poet-ruit
1339 3872 1358 3900 ‚
1377 3834 1745 3898 Hiitoeicoiun
1768 3838 2281 3904 ,Mathe-eticorum
2300 3872 2321 3905 2
2347 3840 2619 3908 induitinn
2642 3837 2751 3895 bd·

583 3904 628 3955 lt
657 3902 890 3967 nmo,
925 3902 1184 3956 Pictorum
1213 3912 1428 3957 eet-eet·
