2985 4387
1246 300 1317 373 V
1360 300 1397 371 1
2227 320 2354 385 247

278 430 421 487 nen
466 406 802 495 methrae
840 404 1161 477 sententiae
1190 456 1211 489 ,
1251 426 1314 476 et
1356 406 1581 477 multae
1619 407 1809 479 etiam
1847 393 2060 475 conira
2111 407 2262 475 vitia
2287 455 2307 487 ,
2369 416 2438 474 et·

283 496 532 563 vitiosos
560 541 583 576 ‚
641 514 793 579 quos
854 513 991 557 raro
1056 492 1315 557 deseruit
1353 512 1588 573 poena,
1658 490 1792 559 licet
1837 490 1984 557 haec
2027 492 2175 573 pede
2213 491 2432 557 claudo
2517 554 2524 561 ,

276 595 417 657 eat,
456 600 559 643 seu
602 576 768 641 tar'de
806 590 1084 661 sequatur
1110 618 1131 641 .
1220 574 1457 639 Persius
1501 590 1717 654 optat,
1758 588 1826 641 ut
1873 573 2070 639 vitiosi
2149 573 2437 637 virtutem

284 660 525 758 videant
554 704 575 739 ,
615 656 721 733 et',
760 676 827 729 ea
870 656 1077 722 relicta
1101 701 1123 735 ,
1170 653 1570 727 intabescant.
1648 655 1758 727 De
1801 654 2024 723 Severo
2071 654 2444 741 Imperatore

283 740 500 809 cecinit
544 738 898 809 Ausoniust

312 888 320 897 ,
373 817 607 889 Punica
644 819 803 902 origo
840 814 998 903 ‘51153
1039 814 1146 883 sed
1182 812 1292 907 qur'
1332 814 1565 891 virtute
1597 818 1874 911 probare}⁸
1892 860 1918 895 ,

543 908 672 969 Non
713 899 941 967 obstare
984 904 1173 967 {ocum
1203 947 1225 982 ,
1264 899 1409 967 dum
1450 902 1622 971 valet
1663 899 2014 984 ingemunt.
2080 976 2098 991 ·

290 982 599 1053 Minatiu's
644 980 807 1049 Felix
851 984 911 1046 in
954 976 1253 1049 Octavio:
1300 988 1521 1053 Omnes
1555 980 1693 1066 pari
1733 996 1886 1047 sorte
1929 1000 2272 1049 nascrmur:
2314 976 2446 1044 50!ae

288 1065 524 1137 virtute
564 1060 1041 1147 distinguimur.
1086 1061 1257 1139 Vell.
1300 1064 1534 1139 Patere.
1575 1062 1864 1148 Optimus
1901 1060 2152 1158 quisque
2192 1056 2441 1127 nobilis·

294 1146 531 1215 sr'mus.
572 1146 784 1237 Juven.
822 1151 965 1235 §aa
1004 1148 1065 1215 8.

455 1234 609 1295 Tota
654 1227 797 1297 hcet
839 1242 1067 1301 veteres
1104 1243 1373 1301 exornent
1412 1224 1681 1311 undique
1717 1248 1880 1297 cerae

172 1375 187 1389 ,
457 1306 678 1374 Atria:
721 1304 1015 1381 nobilitas*
1044 1310 1172 1385 sola
1215 1326 1303 1373 est
1324 1356 1345 1387 ‚
1388 1325 1568 1391 atque
1607 1307 1786 1389 unica
1831 1306 2046 1401 Yirtus
2066 1355 2089 1374 .
2427 1352 2436 1359 -

296 1392 403 1461 De
442 1386 779 1473 Virtutibus
821 1388 1171 1457 Moralibus
1214 1386 1546 1457 Prudentia
1570 1437 1591 1470 ,
1637 1387 1911 1473 Juseitta
2014 1382 2389 1455 fortitudine
2431 1432 2453 1469 ‚

300 1493 361 1539 et
405 1480 465 1537 Τ
463 1467 831 1557 emperantia
868 1470 999 1553 agit
1047 1470 1317 1548 Ethica‚
1356 1492 1455 1535 seu
1499 1470 1768 1562 Moraljs
1817 1436 2250 1552 Philosophia.
2315 1468 2460 1536 Plu-

248 1554 253 1561 ’
307 1554 547 1621 tarchus
590 1552 876 1633 insignem
921 1550 1102 1619 babet
1146 1560 1503 1629 Tractatum
1541 1550 1620 1629 de
1655 1561 1891 1619 Virtute
1953 1559 2186 1616 Morum
2225 1600 2244 1619 .
2330 1548 2464 1617 Ho-

311 1636 497 1705 ratius
526 1680 547 1713 ,
587 1635 692 1717 qui
734 1650 986 1713 monet,
1028 1652 1151 1697 esse
1192 1634 1438 1700 modum
1480 1632 1542 1697 in
1586 1633 1760 1702 rebus
1786 1680 1809 1712 ,
1851 1635 1940 1698 ait
1983 1632 2103 1717 Ep.
2145 1641 2209 1701 6.
2253 1633 2360 1705 lib.
2413 1652 2467 1704 1.

470 1709 677 1781 Insani
712 1711 951 1795 sapiens
990 1733 1193 1782 nomen
1226 1712 1423 1797 seret,
1459 1735 1689 1796 aequus
1725 1710 1926 1797 iniqui

470 1797 651 1877 Ultra
740 1818 879 1859 uam
918 1791 1077 1860 satis
1116 1814 1203 1861 est
1226 1842 1247 1879 ,
1286 1792 1578 1861 virtutem
1618 1791 1675 1863 εἰ
1711 1812 1884 1879 petat
1911 1793 2148 1878 ipsam.

309 1878 538 1946 Cicero
583 1880 646 1944 in
688 1817 877 1955 fibris
914 1876 986 1940 de
1031 1876 1160 1958 Off.
1200 1876 1397 1944 multo
1438 1876 1770 1960 sapientius
1795 1918 1818 1955 ‚
1859 1877 2000 1945 licet
2041 1876 2204 1943 Fidei
2249 1874 2476 1949 lumine

309 1960 673 2041 destitutus,
712 1977 776 2023 et
820 1957 951 2025 solo
996 1960 1243 2025 rationis
1286 1958 1515 2027 lumine
1555 1958 1916 2039 instructus,
1955 1960 2030 2023 de
2069 1958 2234 2041 hisce
2271 1959 2473 2028 Virtu-

314 2040 524 2119 tibus,
570 2058 630 2105 et
673 2040 835 2105 vitiis
877 2041 1191 2105 contrariis
1233 2038 1466 2105 disserit
1492 2082 1515 2115 ‚
1577 2058 1761 2121 quam
1805 2040 2016 2115 nostri,
2053 2038 2235 2105 seculi
2287 2044 2471 2109 Anti-

309 2121 625 2191 christiani
676 2119 1023 2202 Philosophi
1066 2144 1237 2187 suam
1283 2117 1652 2204 sapientiam
1693 2120 1891 2188 buccis
1928 2118 2302 2206 crepantibus
2359 2126 2384 2200 (
2407 2141 2472 2189 ut

315 2207 402 2270 ait
444 2205 505 2270 S.
548 2203 925 2294 Angustinus
965 2202 1039 2268 de
1082 2203 1411 2282 Ethnicis)
1470 2204 1839 2284 ventilantes
1879 2251 1900 2286 ,
1970 2205 2073 2290 qui
2146 2203 2478 2271 bominibus

312 2282 539 2353 audent
578 2283 769 2348 dacer-e
826 2283 1013 2360 (licet
1074 2283 1340 2354 Virtutis
1398 2285 1574 2350 inane
1633 2306 1852 2351 nomen
1895 2302 2102 2368 putent
2135 2331 2156 2364 ,
2195 2305 2258 2352 et
2307 2287 2480 2355 Vitia

245 2387 263 2396 ·
316 2367 602 2435 Virtutes
642 2359 1038 2456 appellent):
1086 2371 1209 2440 Nos·
1248 2363 1620 2450 sequimini.-
1666 2383 1888 2431 sectam
1927 2385 2189 2450 nostram
2250 2387 2476 2449 tenete,
2527 2375 2548 2448 J,

314 2443 374 2534 .ςὶ
416 2443 615 2516 vultis
655 2444 825 2511 beate
862 2446 1413 2514 viveret'Beatam
1458 2468 1674 2529 nempe
1720 2451 1908 2520 vitam
1950 2449 2006 2513 in
2048 2453 2333 2516 sectandis
2369 2473 2476 2516 vo-

322 2527 662 2619 luptatibns
699 2543 1022 2597 statuentes
1053 2572 1076 2593 .
1116 2528 1229 2596 De·-
1262 2528 1617 2604 Virtutibus
1662 2527 2065 2612 Theologicis
2106 2528 2488 2614 Fide,spe‚-

320 2631 383 2692 et
426 2607 784 2688 chautim,
828 2609 1113 2695 vitiisque
1152 2609 1467 2682 contrariis
1509 2610 1635 2690 agit
1678 2609 2036 2678 Christiana
2084 2610 2432 2694 'theologia
2459 2660 2478 2692 ,

324 2692 567 2760 divinae
606 2688 1006 2770 revelationi,
1046 2709 1147 2759 seu
1192 2692 1409 2760 divinis
1448 2689 1710 2774 eloquiis
1749 2693 1925 2758 nixa.
1989 2689 2161 2759 Novi
2213 2693 2484 2760 Philoso-

328 2773 437 2858 phi
481 2773 868 2853 Religionis,
914 2790 981 2839 ut
1020 2772 1197 2850 ajunt
1224 2819 1247 2852 ‚
1290 2773 1608 2838 Naturalis
1649 2773 1976 2838 sectatores
2016 2816 2037 2850 ‚
2094 2793 2154 2841 et
2223 2773 2483 2840 Revela-

333 2875 435 2922 tae
478 2855 751 2938 osores,
792 2854 935 2946 quin
976 2874 1011 2918 a
1056 2851 1271 2923 limine
1312 2851 1726 2936 Theologiam
1763 2853 2125 2931 salutarint,
2163 2859 2381 2921 audent
2407 2856 2482 2920 de

326 2933 734 3018 'theologicis
780 2935 1099 2999 disserere:
1158 2936 1323 3029 qnod
1360 2956 1481 2999 non
1525 2934 1722 3000 minus
1767 2933 2042 3016 ineptum
2083 2954 2172 3001 est
2209 2979 2232 3016 ‚
2295 2955 2486 3021 quam

330 3017 382 3082 si
428 3013 834 3093 Theologus‚
875 3011 1311 3094 Geometrrae‚
1372 3032 1457 3077 et·
1480 3014 1912 3092 Astronomiae
1970 3035 2176 3097 expers
2221 3063 2242 3097 ,
2303 3016 2485 3082 vellet

328 3098 407 3166 de
450 3094 851 3171 Geometricis
882 3139 903 3178 ,
942 3112 1003 3160 et
1049 3093 1491 3166 Astronomicis
1537 3094 1836 3172 judicare,
1919 3093 2218 3164 Nonnulli
2280 3117 2350 3164 ex
2393 3097 2484 3164 his

334 3173 725 3260 Philosophis
758 3175 915 3242 adeo
956 3196 1155 3244 rerum
1195 3173 1760 3258 Theologicarum,
1805 3176 1880 3241 de
1921 3178 2132 3260 quibus
2176 3199 2346 3259 agere
2366 3201 2488 3246 non

333 3276 657 3339 verentur,
698 3275 961 3340 expertes
998 3275 1184 3340 sunt.
1224 3274 1291 3324 ut
1334 3278 1410 3323 ne
1454 3257 1741 3324 vocabula
1784 3261 2026 3343 quidem
2097 3260 2350 3331 Theolo
2393 3263 2486 3328 ica

333 3340 453 3405 sint
498 3337 620 3404 illis
663 3357 847 3417 nota,
889 3359 993 3403 nec
1036 3339 1378 3418 simorint,
1414 3338 1608 3406 sciant
1650 3359 1856 3406 eorum
1897 3339 2227 3421 significata
2254 3391 2271 3409 .
2393 3347 2486 3409 inc

336 3419 454 3501 fit,
494 3439 560 3486 ut
606 3420 765 3486 ideas
804 3439 1007 3486 ornnes
1050 3437 1431 3501 pervertant,
1470 3438 1532 3486 et
1577 3419 1813 3501 risum„
1867 3442 1973 3486 aut
2013 3423 2488 3491 commiseratio·

338 3523 523 3580 nem,
564 3502 747 3568 etiam
790 3499 1102 3568 Tironum
1146 3502 1209 3568 in
1254 3499 1604 3583 Theologia
1649 3503 1758 3568 sibi
1807 3501 2164 3581 concilient,
2227 3523 2286 3571 et
2331 3505 2486 3586 mulf

348 3602 419 3650 to
462 3584 653 3664 magis
698 3583 1063 3650 eruditorum
1104 3581 1177 3650 T
1182 3582 1613 3664 heologornm,
1654 3585 1761 3670 qui
1804 3605 2013 3651 eorum
2055 3588 2354 3669 exagitant
2396 3589 2492 3652 er·'

342 3685 547 3734 rores.
618 3663 973 3745 Volterius,
1017 3685 1264 3745 magnus
1310 3663 1666 3743 Volterius,
1706 3669 1754 3730 si
1801 3667 2022 3746 superis
2065 3669 2300 3750 placet,
2361 3667 2498 3734 Ro-

344 3768 559 3812 manos
604 3744 923 3830 Pontifices
981 3745 1244 3828 appellat
1302 3741 1536 3812 Christi
1576 3755 1932 3814 successures
1986 3749 2246 3826 (saltem
2309 3749 2393 3815 sic
2433 3749 2498 3818 S.

350 3828 603 3898 Petrum
642 3825 955 3912 appellat)
1012 3848 1209 3914 quos,
1276 3828 1325 3896 si
1392 3829 1627 3912 ignarus
1671 3827 2058 3913 Theologiae
2096 3851 2241 3900 non·
2281 3842 2429 3895 esset

1533 3907 1667 4006 ‘2
1701 3908 1774 3992 '4
1853 3981 1860 3988 ,
2288 3909 2464 3976 chri-
