2985 4387
1300 372 1368 441 V
1412 374 1479 443 Ο
2241 393 2366 460 25r

304 481 499 563 sisse,
540 480 641 550 vel
682 480 734 549 si
777 479 1081 563 legerunt,
1128 496 1337 562 parum
1378 497 1601 563 aequos
1641 476 1876 561 Judiees
1921 478 1980 548 in
2019 476 2248 549 ferenda
2295 502 2442 547 con·

305 570 397 629 t‘ra
441 563 832 634 Scholasticos
876 562 1166 628 sententia
1207 583 1372 629 esse.

384 644 702 726 Voconius,
768 665 917 711 teste
956 642 1320 722 Gennadio,
1381 640 1871 711 castellanorum
1915 644 1976 709 in
2026 643 2234 711 Africa
2285 642 2444 723 Epi-

300 746 556 820 seopus,
613 727 847 809 scripsit
886 742 1097 793 contra
1138 725 1397 807 ludaeos
1434 771 1455 809 ,
1521 724 1831 805 Atianos,
1873 744 1950 815 ¹et
2007 726 2169 795 alios
2214 726 2448 797 Haere-

306 824 459 875 tscos
2457 838 2460 843 .

542 954 828 1015 smMo
871 952 1203 1015 rme-ms
1240 952 1360 1012 AD
1404 924 1864 1015 ementitos
1903 953 2220 1017 Nost-m

1218 1058 1509 1119 sfcttm
1535 1098 1558 1121 .

384 1218 709 1299 Voluptas.
753 1215 811 1281 E
854 1217 1077 1299 regiam
1118 1217 1193 1283 de
1218 1234 1540 1295 corporeae
1559 1211 1906 1297 Voluptatis
1941 1214 2176 1279 damnis
2205 1210 2444 1286 Oratio-

307 1322 439 1363 nem
486 1298 781 1366 Architae
815 1236 1153 1365 STarentini
1179 1342 1202 1376 ,
1264 1296 1401 1363 vide
1437 1298 1594 1391 apud
1635 1295 1772 1363 Cic.
1833 1298 2247 1391 desem-otuu
2283 1320 2336 1363 c.
2366 1314 2450 1391 3⁶:

308 1402 495 1463 quam
538 1379 779 1447 utinam
823 1377 1078 1459 legerent
1120 1380 1305 1445 nostri
1351 1378 1529 1444 seculi
1574 1378 1943 1461 Voluptuost
1994 1376 2277 1459 Epicurei
2305 1370 2455 1445 Plu·

310 1460 597 1543 Iosophi,
662 1479 775 1539 ut,
814 1462 1099 1543 quoniam
1143 1462 1455 1526 Sacratum
1502 1458 1871 1526 Litterarum
1915 1460 2093 1527 lectio
2283 1480 2462 1527 aver..

310 1562 563 1618 santur,
654 1562 725 1607 ua
772 1544 847 1606 ad
894 1562 1137 1617 veram,
1176 1560 1235 1607 et
1276 1538 1532 1605 solidam
1575 1541 1942 1633 Sapientia-m
1967 1584 1988 1619 ,
2029 1542 2077 1606 si
2099 1480 2266 1608 mc
2294 1563 2464 1610 ama—

315 1640 490 1703 rent,
533 1563 1012 1703 degucerentum
1054 1621 1267 1689 saltem
1312 1622 1395 1687 ab
1441 1619 1722 1687 Ethmcis
1764 1618 2218 1703 sapientioribus
2263 1623 2458 1691 edocti

309 1707 387 1770 ad
436 1706 659 1772 bonam
701 1723 961 1769 mentem
1004 1702 1258 1769 redirent
1297 1750 1318 1770 .
1382 1701 1532 1768 Non
1601 1724 1808 1783 parum
1869 1720 2070 1771 autem
2135 1702 2278 1785 ipsis
2323 1724 2470 1785 pro.

312 1788 507 1853 desset
567 1806 735 1853 aures
796 1784 1073 1866 praebere
1114 1784 1311 1851 verbis
1351 1782 1650 1864 Scipionis
1713 1784 1788 1850 ad
1833 1781 2292 1865 Massinissam,
2351 1786 2434 1851 so

310 1866 648 1947 pbonisbae
690 1868 899 1933 insano
939 1886 1145 1933 amore
1182 1883 1425 1946 captum
1453 1907 1474 1942 ,
1515 1864 1756 1930 devicto
1795 1864 2068 1946 Syphace
2111 1884 2244 1947 rege
2277 1912 2296 1931 .
2364 1867 2460 1933 Ea

308 1948 525 2015 Livius
581 1947 755 2015 affert
795 1946 909 2015 lib.
952 1968 1051 2033 30.
1108 1946 1441 2013 Meliorem
1503 1967 1598 2011 sua
1645 1946 1980 2011 doctrinam
2023 1946 2094 2009 de
2139 1946 2454 2027 Voluptate

310 2030 537 2097 discere
578 2048 820 2111 possent
860 2052 935 2097 ex
977 2026 1089 2095 lib.
1111 2051 1171 2095 2.
1214 2048 1276 2095 et
1328 2030 1420 2095 18.
1462 2025 1728 2104 ejusdem
1779 2028 1942 2092 Livii·
1975 2028 2049 2091 de
2093 2028 2444 2095 Hannibale
2575 2082 2581 2092 .

305 2112 642 2176 disserentis
725 2129 794 2176 ut
834 2112 1021 2178 etiam
1062 2132 1133 2176 ex
1180 2112 1318 2177 Sen.
1364 2114 1472 2193 Ep.
1509 2131 1578 2196 5¹
1607 2154 1628 2186 ,
1695 2108 1794 2174 ubi
1837 2111 1909 2173 de
1949 2109 2208 2175 vitandis
2253 2110 2458 2175 irrita-

266 2207 271 2212 “
305 2192 538 2258 mentis
571 2158 960 2274 Voluptatis,
1018 2211 1079 2258 et
1122 2214 1193 2258 ex
1236 2192 1374 2262 Cic.
1419 2190 1533 2257 lib.
1571 2216 1621 2260 1.
1661 2189 1738 2258 de
1782 2190 1906 2272 Off.
1931 2187 2160 2258 -Multa
2229 2192 2304 2258 de
2341 2201 2451 2260 Vo-

306 2275 543 2356 luptate
582 2275 661 2346 ad
700 2289 962 2340 mentem
1008 2274 1256 2352 Epicuri
1296 2293 1333 2339 a
1378 2274 1714 2357 Torquato
1758 2273 2066 2356 Epicureo
2126 2273 2286 2340 dicta
2349 2277 2454 2340 ad-

304 2355 471 2420 ducit
515 2354 656 2422 Cic.
699 2355 743 2420 l.
778 2375 833 2420 1.
890 2356 963 2420 de
1000 2352 1262 2420 Finibus
1302 2401 1323 2424 .
1387 2358 1772 2432 Voluptariam
1831 2353 2134 2422 sensilium
2193 2374 2453 2426 sectato·

304 2457 397 2502 res
425 2482 449 2516 ,
504 2453 585 2583 eg·
610 2437 948 2518 Doctores,
1010 2457 1159 2523 quos
1218 2435 1464 2519 sugillat
1510 2435 1866 2504 Plutarchus
1921 2438 1996 2504 de
2034 2433 2264 2503 Virtute
2321 2461 2446 2506 mo.

308 2540 439 2586 rum
468 2563 490 2596 ,
571 2539 734 2585 rcunt

473 2598 691 2666 Gratia
730 2621 883 2682 quae
906 2601 947 2663 ?
981 2600 1087 2667 vel
1126 2596 1281 2685 quid
1314 2598 1647 2683 jucundum
1688 2594 1746 2666 εἱ
1787 2609 1980 2665 Venus
2015 2596 2184 2692 absit

346 2725 351 2728 -
470 2684 724 2748 Aurea?
762 2690 957 2747 Curae
1000 2681 1152 2763 hae,
1193 2706 1325 2760 cum
1369 2680 1525 2750 mihi
1571 2707 1684 2754 non
1725 2700 1894 2747 erunt
1918 2725 1940 2759 ‚
1983 2703 2202 2748 mortar
2233 2726 2257 2748 .

312 2764 483 2838 Illud
528 2764 713 2844 item,
758 2781 907 2830 teste
943 2765 1151 2831 eodem
1198 2765 1367 2830 Plut.

340 2851 343 2856 ’
470 2844 725 2924 Bibere,
763 2847 821 2909 et'
859 2865 981 2937 esse
1004 2889 1027 2922 ‚
1069 2863 1127 2910 et
1168 2869 1377 2912 venere
1416 2842 1560 2910 uti.-
1633 2903 1638 2910 .

378 2955 388 2965 ·
472 2937 727 2995 Caetera
770 2925 1191 2991 aeddttaementa
1230 2949 1373 2994 voco
1400 2973 1420 2992 .

308 3007 452 3076 Cic.
492 3011 565 3074 de
608 3001 872 3090 Legibus
910 3007 957 3071 l.
1000 3027 1053 3073 1.
1102 3007 1407 3072 [miratrix
1450 3005 1593 3071 boni
1638 3005 1965 3087 Voluptas:
2013 3005 2302 3071 malorum
2346 3027 2458 3070 au·

314 3091 433 3152 te'm
477 3105 665 3154 mater
706 3085 964 3154 omnium
998 3133 1017 3154 .
1080 3089 1179 3156 De
1238 3087 1447 3154 eadem
1511 3089 1597 3152 ait
1639 3089 1698 3152 in
1743 3089 1908 3152 omni
1971 3107 2140 3151 sensu
2185 3085 2462 3168 implica-

308 3187 439 3237 tam
486 3169 772 3235 insidere.
819 3167 1207 3236 Antisthenes
1248 3188 1552 3234 summum
1593 3167 1824 3234 malum
1865 3169 2235 3248 Voluptatem
2289 3189 2462 3248 puta-

308 3249 457 3316 bat.
502 3248 655 3324 Eius
698 3270 788 3316 est
832 3248 1026 3316 illud=
1084 3248 1411 3316 Insanit-em
1448 3245 1695 3330 potius,
1721 3273 1916 3332 -quam
1959 3251 2312 3316 obtectam.
2357 3248 2456 3316 Ita

311 3329 459 3398 Gel.
500 3329 613 3396 lib.
636 3352 706 3426 9.
744 3353 797 3396 c.
834 3353 890 3418 5.
932 3329 1249 3398 Sallustius
1295 3334 1355 3398 in
1399 3332 1528 3398 Bel.
1557 3340 1809 3414 Jugurt.
1853 3356 1903 3398 c.
1947 3351 2005 3398 2.
2047 3331 2189 3396 haec
2235 3329 2456 3398 habet:

313 3419 525 3510 Itaque
566 3411 847 3505 meronda
870 3460 891 3492 ,
930 3430 991 3478 et
1032 3413 1385 3480 detestanda
1427 3431 1520 3480 est
1554 3413 1842 3496 pravitas
1879 3437 2074 3478 eorum
2105 3455 2125 3487 ‚
2181 3411 2291 3496 qui
2353 3412 2455 3478 de·

310 3493 437 3562 din
524 3493 735 3560 nudus
772 3492 1065 3579 corporis,
1104 3493 1167 3560 t'n
1206 3498 1394 3575 luxu,
1429 3513 1612 3579 atque
1647 3492 1906 3579 ignavia
1937 3515 2192 3559 aetatem
2219 3514 2450 3578 agunt.

308 3575 501 3645 Crito
525 3599 629 3644 aus
677 3576 963 3658 ,Peripan
1024 3577 1228 3658 ajebat
1254 3626 1275 3658 ,
1331 3597 1393 3644 et
1444 3575 1678 3644 malam
1737 3600 1860 3648 esse
1918 3579 2334 3657 Voluptatem,
2397 3597 2456 3640 er

309 3659 506 3727 multa
542 3657 711 3726 mal'i
756 3679 831 3727 ex
869 3681 935 3727 se
975 3681 1177 3740 parere
1208 3683 1231 3726 e
1295 3659 1540 3744 injurias
1605 3679 1748 3741 puta
1772 3709 1792 3742 ,
1849 3659 2085 3724 dissidia
2114 3700 2137 3737 ,
2195 3657 2458 3724 oblivio·

314 3762 459 3822 nes,
500 3743 760 3824 ignavias
787 3788 810 3812 .
869 3741 1185 3810 Hierocles
1228 3742 1500 3820 Stoicus,
1558 3761 1738 3826 quem
1783 3741 2008 3832 virum·
2039 3758 2308 3832 sanctum
2333 3785 2356 3816 ,
2397 3757 2458 3802 et

314 3841 559 3904 gravem
602 3841 781 3890 vocat
822 3823 1105 3904 Gellius,
1144 3825 1339 3892 dicere
1376 3823 1656 3892 solebat:
1699 3823 2226 3914 Wluptottsflms
2267 3841 2448 3884 mete-

316 3901 488 3975 uicis
520 3905 741 3994 dogma
758 3929 785 3972 .-
830 3907 973 3978 tolle
1008 3917 1275 3983 Venerem
1296 3955 1317 3993 ,
1375 3922 1439 3976 ‘et
1482 3905 1722 3976 nullum
1763 3900 2096 3983 mereti-ists
2153 3897 2460 4051 αἰκίας·
