<?xml version="1.0" encoding="UTF-8"?>
<!DOCTYPE html PUBLIC "-//W3C//DTD XHTML 1.0 Transitional//EN"
    "http://www.w3.org/TR/xhtml1/DTD/xhtml1-transitional.dtd">
<html xmlns="http://www.w3.org/1999/xhtml" xml:lang="en" lang="en">
 <head>
  <title>
</title>
<meta http-equiv="Content-Type" content="text/html;charset=utf-8" />
  <meta name='ocr-system' content='tesseract 3.04.00' />
  <meta name='ocr-capabilities' content='ocr_page ocr_carea ocr_par ocr_line ocrx_word'/>
</head>
<body>
  <div class='ocr_page' id='page_1' title='image "./matthaeiaimeric01aymegoog/matthaeiaimeric01aymegoog_0298.png"; bbox 0 0 2985 4387; ppageno 0'>
   <div class='ocr_carea' id='block_1_1' title="bbox 634 368 1722 467">
    <p class='ocr_par' dir='ltr' id='par_1_1' title="bbox 634 368 1722 467">
     <span class='ocr_line' id='line_1_1' title="bbox 634 368 1722 467; baseline -0.004 -21"><span class='ocrx_word' id='word_1_1' title='bbox 634 392 757 467; x_wconf 75' lang='lat'>252</span> <span class='ocrx_word' id='word_1_2' title='bbox 1547 368 1616 441; x_wconf 82' lang='lat' dir='ltr'>V</span> <span class='ocrx_word' id='word_1_3' title='bbox 1657 368 1722 444; x_wconf 91' lang='grc' dir='ltr'>Ο</span> 
     </span>
    </p>
   </div>
   <div class='ocr_carea' id='block_1_2' title="bbox 492 476 2706 3988">
    <p class='ocr_par' dir='ltr' id='par_1_2' title="bbox 492 476 2706 3988">
     <span class='ocr_line' id='line_1_2' title="bbox 546 476 2698 563; baseline -0.001 -14"><span class='ocrx_word' id='word_1_4' title='bbox 546 500 684 553; x_wconf 72' lang='lat' dir='ltr'>mn.</span> <span class='ocrx_word' id='word_1_5' title='bbox 726 482 899 551; x_wconf 84' lang='lat' dir='ltr'>Haec</span> <span class='ocrx_word' id='word_1_6' title='bbox 936 496 1167 563; x_wconf 84' lang='lat' dir='ltr'>semper</span> <span class='ocrx_word' id='word_1_7' title='bbox 1210 476 1272 544; x_wconf 91' lang='lat' dir='ltr'>in</span> <span class='ocrx_word' id='word_1_8' title='bbox 1310 496 1415 545; x_wconf 90' lang='lat' dir='ltr'>ore</span> <span class='ocrx_word' id='word_1_9' title='bbox 1452 476 1712 547; x_wconf 80' lang='lat' dir='ltr'>habebat</span> <span class='ocrx_word' id='word_1_10' title='bbox 1755 478 2001 547; x_wconf 86' lang='lat' dir='ltr'>Taurus</span> <span class='ocrx_word' id='word_1_11' title='bbox 2046 476 2208 546; x_wconf 87' lang='lat' dir='ltr'>Phil.</span> <span class='ocrx_word' id='word_1_12' title='bbox 2269 496 2406 547; x_wconf 84' lang='lat' dir='ltr'>cum</span> <span class='ocrx_word' id='word_1_13' title='bbox 2466 478 2698 561; x_wconf 77' lang='lat' dir='ltr'>agebat</span> 
     </span>
     <span class='ocr_line' id='line_1_3' title="bbox 546 560 2706 643; baseline -0.001 -11"><span class='ocrx_word' id='word_1_14' title='bbox 546 569 623 632; x_wconf 86' lang='lat' dir='ltr'>de</span> <span class='ocrx_word' id='word_1_15' title='bbox 670 567 969 643; x_wconf 82' lang='lat' dir='ltr'><strong>Epicuro.</strong></span> <span class='ocrx_word' id='word_1_16' title='bbox 1014 560 1203 643; x_wconf 83' lang='lat' dir='ltr'>Quod</span> <span class='ocrx_word' id='word_1_17' title='bbox 1245 580 1600 640; x_wconf 84' lang='lat' dir='ltr'>argumento</span> <span class='ocrx_word' id='word_1_18' title='bbox 1637 578 1766 640; x_wconf 89' lang='lat' dir='ltr'>est,</span> <span class='ocrx_word' id='word_1_19' title='bbox 1812 581 1950 627; x_wconf 88' lang='lat' dir='ltr'>eum</span> <span class='ocrx_word' id='word_1_20' title='bbox 1983 561 2290 641; x_wconf 82' lang='lat' dir='ltr'>vulgatam</span> <span class='ocrx_word' id='word_1_21' title='bbox 2329 562 2406 627; x_wconf 90' lang='lat' dir='ltr'>de</span> <span class='ocrx_word' id='word_1_22' title='bbox 2444 562 2706 643; x_wconf 85' lang='lat' dir='ltr'>opinio-</span> 
     </span>
     <span class='ocr_line' id='line_1_4' title="bbox 548 642 2704 725; baseline -0.001 -14"><span class='ocrx_word' id='word_1_23' title='bbox 548 666 629 711; x_wconf 87' lang='lat' dir='ltr'>ne</span> <span class='ocrx_word' id='word_1_24' title='bbox 670 644 915 725; x_wconf 87' lang='lat' dir='ltr'>Epicuri</span> <span class='ocrx_word' id='word_1_25' title='bbox 958 644 1111 709; x_wconf 85' lang='lat' dir='ltr'>circa</span> <span class='ocrx_word' id='word_1_26' title='bbox 1154 642 1526 724; x_wconf 77' lang='lat' dir='ltr'><em>Voluptatem</em></span> <span class='ocrx_word' id='word_1_27' title='bbox 1571 643 1825 708; x_wconf 84' lang='lat' dir='ltr'>tenuisse</span> <span class='ocrx_word' id='word_1_28' title='bbox 1862 642 2232 709; x_wconf 82' lang='lat' dir='ltr'>Sententiam</span> <span class='ocrx_word' id='word_1_29' title='bbox 2258 690 2278 709; x_wconf 91' lang='lat'><strong>.</strong></span> <span class='ocrx_word' id='word_1_30' title='bbox 2342 642 2500 710; x_wconf 84' lang='lat' dir='ltr'>Vide</span> <span class='ocrx_word' id='word_1_31' title='bbox 2537 643 2704 708; x_wconf 80' lang='lat' dir='ltr'>Gel.</span> 
     </span>
     <span class='ocr_line' id='line_1_5' title="bbox 546 720 2702 815; baseline -0.001 -22"><span class='ocrx_word' id='word_1_32' title='bbox 546 727 683 793; x_wconf 82' lang='lat' dir='ltr'>luco</span> <span class='ocrx_word' id='word_1_33' title='bbox 722 728 909 792; x_wconf 87' lang='lat' dir='ltr'>citato</span> <span class='ocrx_word' id='word_1_34' title='bbox 930 774 951 805; x_wconf 90' lang='lat'>,</span> <span class='ocrx_word' id='word_1_35' title='bbox 996 726 1099 809; x_wconf 86' lang='lat' dir='ltr'>qui</span> <span class='ocrx_word' id='word_1_36' title='bbox 1142 724 1399 791; x_wconf 83' lang='lat' dir='ltr'>aliorum</span> <span class='ocrx_word' id='word_1_37' title='bbox 1444 724 1751 805; x_wconf 78' lang='lat' dir='ltr'>opiniones</span> <span class='ocrx_word' id='word_1_38' title='bbox 1789 724 1864 788; x_wconf 91' lang='lat' dir='ltr'>de</span> <span class='ocrx_word' id='word_1_39' title='bbox 1902 723 2217 813; x_wconf 69' lang='lat' dir='ltr'>Volqptate</span> <span class='ocrx_word' id='word_1_40' title='bbox 2259 720 2474 789; x_wconf 79' lang='lat' dir='ltr'>refert.</span> <span class='ocrx_word' id='word_1_41' title='bbox 2515 724 2702 815; x_wconf 76' lang='lat' dir='ltr'>Quid</span> 
     </span>
     <span class='ocr_line' id='line_1_6' title="bbox 544 803 2696 897; baseline -0.001 -22"><span class='ocrx_word' id='word_1_42' title='bbox 544 806 725 875; x_wconf 83' lang='lat' dir='ltr'>Silius</span> <span class='ocrx_word' id='word_1_43' title='bbox 773 806 1020 873; x_wconf 80' lang='lat' dir='ltr'>Italicus</span> <span class='ocrx_word' id='word_1_44' title='bbox 1085 806 1159 897; x_wconf 66' lang='lat' dir='ltr'>de</span> <span class='ocrx_word' id='word_1_45' title='bbox 1216 826 1284 869; x_wconf 86' lang='lat' dir='ltr'>ea</span> <span class='ocrx_word' id='word_1_46' title='bbox 1348 806 1593 871; x_wconf 82' lang='lat' dir='ltr'>senserit</span> <span class='ocrx_word' id='word_1_47' title='bbox 1629 806 1654 868; x_wconf 74' lang='lat'><em>2</em></span> <span class='ocrx_word' id='word_1_48' title='bbox 1699 880 1714 895; x_wconf 92' lang='lat'><strong>.</strong></span> <span class='ocrx_word' id='word_1_49' title='bbox 1743 806 1875 871; x_wconf 88' lang='lat' dir='ltr'>vide</span> <span class='ocrx_word' id='word_1_50' title='bbox 1915 810 2159 869; x_wconf 64' lang='lat' dir='ltr'>Deis-tae</span> <span class='ocrx_word' id='word_1_51' title='bbox 2219 807 2278 870; x_wconf 89' lang='lat' dir='ltr'>in</span> <span class='ocrx_word' id='word_1_52' title='bbox 2321 803 2696 889; x_wconf 62' lang='lat' dir='ltr'>specimine.</span> 
     </span>
     <span class='ocr_line' id='line_1_7' title="bbox 548 883 2698 969; baseline -0.003 -13"><span class='ocrx_word' id='word_1_53' title='bbox 548 888 709 956; x_wconf 86' lang='lat' dir='ltr'>Vide</span> <span class='ocrx_word' id='word_1_54' title='bbox 775 888 959 956; x_wconf 86' lang='lat' dir='ltr'>etiam</span> <span class='ocrx_word' id='word_1_55' title='bbox 1008 883 1280 969; x_wconf 75' lang='lat' dir='ltr'>Epecurer&#39;</span> <span class='ocrx_word' id='word_1_56' title='bbox 1300 908 1327 949; x_wconf 90' lang='lat'>.·</span> <span class='ocrx_word' id='word_1_57' title='bbox 1392 884 1845 953; x_wconf 58' lang='lat' dir='ltr'>maceriales-tae</span> <span class='ocrx_word' id='word_1_58' title='bbox 1909 886 1968 951; x_wconf 88' lang='lat' dir='ltr'>in</span> <span class='ocrx_word' id='word_1_59' title='bbox 2031 886 2150 951; x_wconf 86' lang='lat' dir='ltr'>suis</span> <span class='ocrx_word' id='word_1_60' title='bbox 2209 884 2428 955; x_wconf 87' lang='lat' dir='ltr'>litteris</span> <span class='ocrx_word' id='word_1_61' title='bbox 2455 935 2474 954; x_wconf 89' lang='lat'><strong>.</strong></span> <span class='ocrx_word' id='word_1_62' title='bbox 2536 887 2698 953; x_wconf 80' lang='lat' dir='ltr'>Dixi</span> 
     </span>
     <span class='ocr_line' id='line_1_8' title="bbox 544 965 2698 1051; baseline -0.001 -16"><span class='ocrx_word' id='word_1_63' title='bbox 544 970 713 1051; x_wconf 82' lang='lat' dir='ltr'>jam,</span> <span class='ocrx_word' id='word_1_64' title='bbox 754 986 815 1034; x_wconf 89' lang='lat' dir='ltr'>et</span> <span class='ocrx_word' id='word_1_65' title='bbox 834 988 1008 1050; x_wconf 79' lang='lat' dir='ltr'>saepe</span> <span class='ocrx_word' id='word_1_66' title='bbox 1030 969 1341 1033; x_wconf 84' lang='lat' dir='ltr'>dicendum</span> <span class='ocrx_word' id='word_1_67' title='bbox 1365 1013 1386 1050; x_wconf 84' lang='lat'>,</span> <span class='ocrx_word' id='word_1_68' title='bbox 1436 968 1764 1050; x_wconf 82' lang='lat' dir='ltr'>Epicureos</span> <span class='ocrx_word' id='word_1_69' title='bbox 1809 966 1989 1033; x_wconf 85' lang='lat' dir='ltr'>nostri</span> <span class='ocrx_word' id='word_1_70' title='bbox 2012 965 2187 1033; x_wconf 84' lang='lat' dir='ltr'>seculi</span> <span class='ocrx_word' id='word_1_71' title='bbox 2212 1016 2233 1049; x_wconf 90' lang='lat'>,</span> <span class='ocrx_word' id='word_1_72' title='bbox 2273 986 2394 1033; x_wconf 88' lang='lat' dir='ltr'>non</span> <span class='ocrx_word' id='word_1_73' title='bbox 2435 968 2698 1049; x_wconf 70' lang='lat' dir='ltr'>legentes</span> 
     </span>
     <span class='ocr_line' id='line_1_9' title="bbox 543 1046 2690 1131; baseline -0.001 -14"><span class='ocrx_word' id='word_1_74' title='bbox 543 1072 740 1117; x_wconf 84' lang='lat' dir='ltr'>sacros</span> <span class='ocrx_word' id='word_1_75' title='bbox 760 1050 1015 1117; x_wconf 84' lang='lat' dir='ltr'>Codices</span> <span class='ocrx_word' id='word_1_76' title='bbox 1046 1050 1157 1115; x_wconf 88' lang='lat' dir='ltr'>nisi</span> <span class='ocrx_word' id='word_1_77' title='bbox 1190 1046 1433 1113; x_wconf 72' lang='lat' dir='ltr'>forsitan</span> <span class='ocrx_word' id='word_1_78' title='bbox 1474 1052 1550 1115; x_wconf 84' lang='lat' dir='ltr'>ad</span> <span class='ocrx_word' id='word_1_79' title='bbox 1589 1054 1694 1130; x_wconf 64' lang='lat' dir='ltr'>ejos</span> <span class='ocrx_word' id='word_1_80' title='bbox 1730 1048 2046 1114; x_wconf 86' lang='lat' dir='ltr'>irridendos</span> <span class='ocrx_word' id='word_1_81' title='bbox 2069 1094 2090 1129; x_wconf 90' lang='lat'>,</span> <span class='ocrx_word' id='word_1_82' title='bbox 2133 1071 2254 1117; x_wconf 87' lang='lat' dir='ltr'>uon</span> <span class='ocrx_word' id='word_1_83' title='bbox 2301 1070 2512 1131; x_wconf 88' lang='lat' dir='ltr'>parum</span> <span class='ocrx_word' id='word_1_84' title='bbox 2541 1070 2690 1131; x_wconf 81' lang='lat' dir='ltr'>pro-</span> 
     </span>
     <span class='ocr_line' id='line_1_10' title="bbox 540 1128 2694 1217; baseline -0.003 -17"><span class='ocrx_word' id='word_1_85' title='bbox 540 1132 842 1209; x_wconf 73' lang='lat' dir='ltr'>fecturos,</span> <span class='ocrx_word' id='word_1_86' title='bbox 885 1133 975 1198; x_wconf 90' lang='lat' dir='ltr'>vel</span> <span class='ocrx_word' id='word_1_87' title='bbox 1021 1132 1233 1197; x_wconf 87' lang='lat' dir='ltr'>saltem</span> <span class='ocrx_word' id='word_1_88' title='bbox 1276 1128 1471 1217; x_wconf 79' lang='lat' dir='ltr'>multo</span> <span class='ocrx_word' id='word_1_89' title='bbox 1515 1130 1708 1197; x_wconf 89' lang='lat' dir='ltr'>minus</span> <span class='ocrx_word' id='word_1_90' title='bbox 1747 1128 2140 1210; x_wconf 87' lang='lat' dir='ltr'>deliraturos,</span> <span class='ocrx_word' id='word_1_91' title='bbox 2199 1132 2246 1196; x_wconf 89' lang='lat' dir='ltr'>si</span> <span class='ocrx_word' id='word_1_92' title='bbox 2287 1132 2550 1211; x_wconf 83' lang='lat' dir='ltr'>legerent</span> <span class='ocrx_word' id='word_1_93' title='bbox 2587 1153 2694 1195; x_wconf 77' lang='lat' dir='ltr'>sa·-</span> 
     </span>
     <span class='ocr_line' id='line_1_11' title="bbox 542 1209 2692 1296; baseline -0.002 -14"><span class='ocrx_word' id='word_1_94' title='bbox 542 1216 741 1282; x_wconf 86' lang='lat' dir='ltr'>uiores</span> <span class='ocrx_word' id='word_1_95' title='bbox 786 1214 998 1279; x_wconf 87' lang='lat' dir='ltr'>Poetas</span> <span class='ocrx_word' id='word_1_96' title='bbox 1025 1256 1047 1291; x_wconf 93' lang='lat'>,</span> <span class='ocrx_word' id='word_1_97' title='bbox 1094 1210 1431 1278; x_wconf 83' lang='lat' dir='ltr'>Historicos</span> <span class='ocrx_word' id='word_1_98' title='bbox 1459 1258 1480 1291; x_wconf 87' lang='lat'>,</span> <span class='ocrx_word' id='word_1_99' title='bbox 1519 1209 2018 1293; x_wconf 77' lang='lat' dir='ltr'>etPhilosophos</span> <span class='ocrx_word' id='word_1_100' title='bbox 2057 1210 2347 1277; x_wconf 87' lang='lat' dir='ltr'>Ethnicos</span> <span class='ocrx_word' id='word_1_101' title='bbox 2373 1254 2396 1290; x_wconf 92' lang='lat'>,</span> <span class='ocrx_word' id='word_1_102' title='bbox 2439 1212 2540 1296; x_wconf 84' lang='lat' dir='ltr'>qui</span> <span class='ocrx_word' id='word_1_103' title='bbox 2589 1230 2692 1277; x_wconf 82' lang='lat' dir='ltr'>so-</span> 
     </span>
     <span class='ocr_line' id='line_1_12' title="bbox 544 1290 2698 1379; baseline -0.001 -17"><span class='ocrx_word' id='word_1_104' title='bbox 544 1296 612 1362; x_wconf 85' lang='lat' dir='ltr'>lo</span> <span class='ocrx_word' id='word_1_105' title='bbox 654 1294 899 1360; x_wconf 84' lang='lat' dir='ltr'>rationis</span> <span class='ocrx_word' id='word_1_106' title='bbox 940 1292 1228 1359; x_wconf 84' lang='lat' dir='ltr'>naturalis</span> <span class='ocrx_word' id='word_1_107' title='bbox 1292 1290 1836 1379; x_wconf 65' lang='lat' dir='ltr'>lumine&#39;illustrati</span> <span class='ocrx_word' id='word_1_108' title='bbox 1879 1292 1952 1357; x_wconf 87' lang='lat' dir='ltr'>de</span> <span class='ocrx_word' id='word_1_109' title='bbox 1995 1291 2337 1361; x_wconf 84' lang='lat' dir='ltr'>Virtutibus</span> <span class='ocrx_word' id='word_1_110' title='bbox 2366 1337 2393 1371; x_wconf 87' lang='lat'>,</span> <span class='ocrx_word' id='word_1_111' title='bbox 2455 1312 2520 1360; x_wconf 87' lang='lat' dir='ltr'>et</span> <span class='ocrx_word' id='word_1_112' title='bbox 2563 1292 2698 1359; x_wconf 86' lang='lat' dir='ltr'>Vi-</span> 
     </span>
     <span class='ocr_line' id='line_1_13' title="bbox 549 1372 2704 1463; baseline -0.001 -22"><span class='ocrx_word' id='word_1_113' title='bbox 549 1375 656 1441; x_wconf 87' lang='lat' dir='ltr'>tiis</span> <span class='ocrx_word' id='word_1_114' title='bbox 680 1418 703 1451; x_wconf 93' lang='lat'>,</span> <span class='ocrx_word' id='word_1_115' title='bbox 742 1392 809 1440; x_wconf 89' lang='lat' dir='ltr'>ut</span> <span class='ocrx_word' id='word_1_116' title='bbox 847 1392 908 1441; x_wconf 91' lang='lat' dir='ltr'>et</span> <span class='ocrx_word' id='word_1_117' title='bbox 948 1377 1021 1441; x_wconf 87' lang='lat' dir='ltr'>de</span> <span class='ocrx_word' id='word_1_118' title='bbox 1044 1374 1460 1463; x_wconf 64' lang='lat' dir='ltr'>passionibus,</span> <span class='ocrx_word' id='word_1_119' title='bbox 1501 1372 1803 1451; x_wconf 81' lang='lat' dir='ltr'>judicant.</span> <span class='ocrx_word' id='word_1_120' title='bbox 1845 1375 2158 1442; x_wconf 86' lang='lat' dir='ltr'>Discerent</span> <span class='ocrx_word' id='word_1_121' title='bbox 2197 1394 2452 1455; x_wconf 87' lang='lat' dir='ltr'>nempe,</span> <span class='ocrx_word' id='word_1_122' title='bbox 2496 1390 2559 1439; x_wconf 86' lang='lat' dir='ltr'>et</span> <span class='ocrx_word' id='word_1_123' title='bbox 2605 1374 2704 1438; x_wconf 87' lang='lat' dir='ltr'>in-</span> 
     </span>
     <span class='ocr_line' id='line_1_14' title="bbox 546 1452 2692 1541; baseline 0 -20"><span class='ocrx_word' id='word_1_124' title='bbox 546 1456 886 1541; x_wconf 82' lang='lat' dir='ltr'>telligerent</span> <span class='ocrx_word' id='word_1_125' title='bbox 926 1498 949 1534; x_wconf 92' lang='lat'>,</span> <span class='ocrx_word' id='word_1_126' title='bbox 1006 1453 1127 1522; x_wconf 87' lang='lat' dir='ltr'>illis</span> <span class='ocrx_word' id='word_1_127' title='bbox 1172 1452 1382 1533; x_wconf 75' lang='lat' dir='ltr'>lectis,</span> <span class='ocrx_word' id='word_1_128' title='bbox 1416 1453 1928 1536; x_wconf 67' lang='lat' dir='ltr'>sestultissime,</span> <span class='ocrx_word' id='word_1_129' title='bbox 1993 1473 2051 1519; x_wconf 90' lang='lat' dir='ltr'>et</span> <span class='ocrx_word' id='word_1_130' title='bbox 2093 1473 2297 1521; x_wconf 85' lang='lat' dir='ltr'>contra</span> <span class='ocrx_word' id='word_1_131' title='bbox 2343 1456 2692 1522; x_wconf 81' lang='lat' dir='ltr'>Rationem</span> 
     </span>
     <span class='ocr_line' id='line_1_15' title="bbox 544 1532 2698 1621; baseline -0.001 -16"><span class='ocrx_word' id='word_1_132' title='bbox 544 1536 882 1605; x_wconf 76' lang='lat' dir='ltr'>naturalem</span> <span class='ocrx_word' id='word_1_133' title='bbox 912 1584 933 1617; x_wconf 90' lang='lat'>,</span> <span class='ocrx_word' id='word_1_134' title='bbox 978 1557 1161 1621; x_wconf 84' lang='lat' dir='ltr'>quam</span> <span class='ocrx_word' id='word_1_135' title='bbox 1207 1532 1520 1617; x_wconf 76' lang='lat' dir='ltr'>tantop‘ere</span> <span class='ocrx_word' id='word_1_136' title='bbox 1559 1536 1860 1604; x_wconf 77' lang='lat' dir='ltr'>extollunt</span> <span class='ocrx_word' id='word_1_137' title='bbox 1889 1584 1910 1618; x_wconf 88' lang='lat'>,</span> <span class='ocrx_word' id='word_1_138' title='bbox 1977 1557 2194 1618; x_wconf 88' lang='lat' dir='ltr'>ponere</span> <span class='ocrx_word' id='word_1_139' title='bbox 2234 1560 2550 1603; x_wconf 85' lang='lat' dir='ltr'>summum·</span> <span class='ocrx_word' id='word_1_140' title='bbox 2579 1536 2698 1602; x_wconf 89' lang='lat' dir='ltr'>bo-</span> 
     </span>
     <span class='ocr_line' id='line_1_16' title="bbox 540 1614 2692 1707; baseline -0.001 -22"><span class='ocrx_word' id='word_1_141' title='bbox 540 1640 685 1687; x_wconf 90' lang='lat' dir='ltr'>num</span> <span class='ocrx_word' id='word_1_142' title='bbox 726 1640 825 1684; x_wconf 86' lang='lat' dir='ltr'>seu</span> <span class='ocrx_word' id='word_1_143' title='bbox 868 1616 1135 1686; x_wconf 85' lang='lat' dir='ltr'>hominis</span> <span class='ocrx_word' id='word_1_144' title='bbox 1178 1616 1804 1707; x_wconf 53' lang='lat' dir='ltr'>felicitatemdnlea,</span> <span class='ocrx_word' id='word_1_145' title='bbox 1863 1639 2018 1703; x_wconf 88' lang='lat' dir='ltr'>quae</span> <span class='ocrx_word' id='word_1_146' title='bbox 2061 1636 2153 1685; x_wconf 90' lang='lat' dir='ltr'>tot</span> <span class='ocrx_word' id='word_1_147' title='bbox 2193 1618 2488 1685; x_wconf 83' lang='lat' dir='ltr'>malorum</span> <span class='ocrx_word' id='word_1_148' title='bbox 2553 1614 2692 1683; x_wconf 79' lang='lat' dir='ltr'>fons</span> 
     </span>
     <span class='ocr_line' id='line_1_17' title="bbox 540 1697 2690 1795; baseline -0.002 -28"><span class='ocrx_word' id='word_1_149' title='bbox 540 1718 674 1780; x_wconf 84' lang='lat' dir='ltr'>est,</span> <span class='ocrx_word' id='word_1_150' title='bbox 712 1722 771 1765; x_wconf 84' lang='lat' dir='ltr'>et</span> <span class='ocrx_word' id='word_1_151' title='bbox 810 1702 984 1782; x_wconf 86' lang='lat' dir='ltr'>origo</span> <span class='ocrx_word' id='word_1_152' title='bbox 1010 1748 1033 1795; x_wconf 45' lang='grc' dir='ltr'>ἲ</span> <span class='ocrx_word' id='word_1_153' title='bbox 1074 1697 1345 1782; x_wconf 76' lang='lat' dir='ltr'>Corporis</span> <span class='ocrx_word' id='word_1_154' title='bbox 1380 1702 1733 1782; x_wconf 78' lang='lat' dir='ltr'>Voluptate.</span> <span class='ocrx_word' id='word_1_155' title='bbox 1763 1698 2096 1767; x_wconf 80' lang='lat' dir='ltr'>&#39;Tollatur</span> <span class='ocrx_word' id='word_1_156' title='bbox 2155 1720 2188 1762; x_wconf 89' lang='lat' dir='ltr'>e</span> <span class='ocrx_word' id='word_1_157' title='bbox 2227 1700 2426 1793; x_wconf 75' lang='lat' dir='ltr'>medio</span> <span class='ocrx_word' id='word_1_158' title='bbox 2464 1711 2690 1782; x_wconf 83' lang='lat' dir='ltr'>Corpo-</span> 
     </span>
     <span class='ocr_line' id='line_1_18' title="bbox 540 1782 2684 1866; baseline -0 -18"><span class='ocrx_word' id='word_1_159' title='bbox 540 1805 640 1848; x_wconf 83' lang='lat' dir='ltr'>rea</span> <span class='ocrx_word' id='word_1_160' title='bbox 682 1784 969 1866; x_wconf 74' lang='lat' dir='ltr'>Voluptas</span> <span class='ocrx_word' id='word_1_161' title='bbox 1012 1802 1072 1847; x_wconf 76' lang='lat' dir='ltr'>tn</span> <span class='ocrx_word' id='word_1_162' title='bbox 1116 1800 1323 1848; x_wconf 89' lang='lat' dir='ltr'>ventre</span> <span class='ocrx_word' id='word_1_163' title='bbox 1362 1782 1477 1846; x_wconf 85' lang='lat' dir='ltr'>sita</span> <span class='ocrx_word' id='word_1_164' title='bbox 1504 1828 1524 1861; x_wconf 91' lang='lat'>,</span> <span class='ocrx_word' id='word_1_165' title='bbox 1549 1802 1628 1847; x_wconf 66' lang='grc' dir='ltr'>«ετ</span> <span class='ocrx_word' id='word_1_166' title='bbox 1673 1782 1907 1849; x_wconf 87' lang='lat' dir='ltr'>Venere</span> <span class='ocrx_word' id='word_1_167' title='bbox 1929 1829 1952 1861; x_wconf 91' lang='lat'>,</span> <span class='ocrx_word' id='word_1_168' title='bbox 1987 1800 2046 1847; x_wconf 91' lang='lat' dir='ltr'>et</span> <span class='ocrx_word' id='word_1_169' title='bbox 2089 1782 2486 1847; x_wconf 79' lang='lat' dir='ltr'>meretricium</span> <span class='ocrx_word' id='word_1_170' title='bbox 2529 1783 2684 1862; x_wconf 83' lang='lat' dir='ltr'>dog-</span> 
     </span>
     <span class='ocr_line' id='line_1_19' title="bbox 538 1860 2680 1947; baseline 0 -18"><span class='ocrx_word' id='word_1_171' title='bbox 538 1883 640 1929; x_wconf 84' lang='lat' dir='ltr'>ma</span> <span class='ocrx_word' id='word_1_172' title='bbox 682 1882 1017 1931; x_wconf 87' lang='lat' dir='ltr'>nostrorum</span> <span class='ocrx_word' id='word_1_173' title='bbox 1065 1860 1568 1947; x_wconf 77' lang='lat' dir='ltr'>Philosophorum</span> <span class='ocrx_word' id='word_1_174' title='bbox 1631 1863 1692 1928; x_wconf 88' lang='lat' dir='ltr'>in</span> <span class='ocrx_word' id='word_1_175' title='bbox 1751 1862 2218 1929; x_wconf 81' lang='lat' dir='ltr'>fumum&#39;abibit</span> <span class='ocrx_word' id='word_1_176' title='bbox 2245 1909 2267 1941; x_wconf 92' lang='lat'>,</span> <span class='ocrx_word' id='word_1_177' title='bbox 2305 1863 2680 1947; x_wconf 84' lang='lat' dir='ltr'>cessabitquc</span> 
     </span>
     <span class='ocr_line' id='line_1_20' title="bbox 536 1940 2686 2025; baseline 0 -16"><span class='ocrx_word' id='word_1_178' title='bbox 536 1945 603 2009; x_wconf 84' lang='lat' dir='ltr'>in</span> <span class='ocrx_word' id='word_1_179' title='bbox 644 1946 860 2012; x_wconf 83' lang='lat' dir='ltr'>nostris</span> <span class='ocrx_word' id='word_1_180' title='bbox 892 1943 1289 2025; x_wconf 72' lang='lat' dir='ltr'>&#39;philosophis</span> <span class='ocrx_word' id='word_1_181' title='bbox 1334 1946 1592 2025; x_wconf 88' lang='lat' dir='ltr'>pruritus</span> <span class='ocrx_word' id='word_1_182' title='bbox 1625 1944 1911 2012; x_wconf 85' lang='lat' dir='ltr'>scribendi</span> <span class='ocrx_word' id='word_1_183' title='bbox 1937 1972 1986 2011; x_wconf 86' lang='lat'>.·</span> <span class='ocrx_word' id='word_1_184' title='bbox 2027 1942 2151 2011; x_wconf 79' lang='lat' dir='ltr'>vel</span> <span class='ocrx_word' id='word_1_185' title='bbox 2193 1942 2448 2011; x_wconf 73' lang='lat' dir='ltr'>clariust</span> <span class='ocrx_word' id='word_1_186' title='bbox 2513 1940 2686 2011; x_wconf 74' lang='lat' dir='ltr'>Tot·</span> 
     </span>
     <span class='ocr_line' id='line_1_21' title="bbox 536 2023 2680 2105; baseline -0.001 -11"><span class='ocrx_word' id='word_1_187' title='bbox 536 2026 597 2093; x_wconf 89' lang='lat' dir='ltr'>le</span> <span class='ocrx_word' id='word_1_188' title='bbox 639 2026 937 2094; x_wconf 87' lang='lat' dir='ltr'>Venerem</span> <span class='ocrx_word' id='word_1_189' title='bbox 984 2074 1003 2105; x_wconf 85' lang='lat'>,</span> <span class='ocrx_word' id='word_1_190' title='bbox 1063 2046 1162 2093; x_wconf 83' lang='lat' dir='ltr'>seu</span> <span class='ocrx_word' id='word_1_191' title='bbox 1224 2023 1554 2103; x_wconf 81' lang='lat' dir='ltr'>voluptatis</span> <span class='ocrx_word' id='word_1_192' title='bbox 1613 2024 1854 2093; x_wconf 87' lang='lat' dir='ltr'>Idolum</span> <span class='ocrx_word' id='word_1_193' title='bbox 1892 2068 1914 2103; x_wconf 93' lang='lat'>,</span> <span class='ocrx_word' id='word_1_194' title='bbox 1973 2026 2067 2092; x_wconf 91' lang='lat' dir='ltr'>cui</span> <span class='ocrx_word' id='word_1_195' title='bbox 2112 2024 2251 2092; x_wconf 86' lang='lat' dir='ltr'>thus</span> <span class='ocrx_word' id='word_1_196' title='bbox 2291 2024 2571 2105; x_wconf 86' lang='lat' dir='ltr'>adolent,</span> <span class='ocrx_word' id='word_1_197' title='bbox 2615 2042 2680 2091; x_wconf 88' lang='lat' dir='ltr'>et</span> 
     </span>
     <span class='ocr_line' id='line_1_22' title="bbox 538 2106 2680 2191; baseline -0.001 -18"><span class='ocrx_word' id='word_1_198' title='bbox 538 2106 693 2175; x_wconf 85' lang='lat' dir='ltr'>alios</span> <span class='ocrx_word' id='word_1_199' title='bbox 735 2113 809 2174; x_wconf 89' lang='lat' dir='ltr'>ad</span> <span class='ocrx_word' id='word_1_200' title='bbox 854 2109 1006 2173; x_wconf 88' lang='lat' dir='ltr'>idem</span> <span class='ocrx_word' id='word_1_201' title='bbox 1050 2107 1464 2186; x_wconf 83' lang='lat' dir='ltr'>praestandum</span> <span class='ocrx_word' id='word_1_202' title='bbox 1509 2106 1867 2184; x_wconf 85' lang='lat' dir='ltr'>hortantur,</span> <span class='ocrx_word' id='word_1_203' title='bbox 1933 2108 2120 2172; x_wconf 87' lang='lat' dir='ltr'>nostri</span> <span class='ocrx_word' id='word_1_204' title='bbox 2173 2106 2452 2191; x_wconf 82' lang='lat' dir='ltr'>Epicurei</span> <span class='ocrx_word' id='word_1_205' title='bbox 2517 2106 2680 2173; x_wconf 88' lang='lat' dir='ltr'>Scri-</span> 
     </span>
     <span class='ocr_line' id='line_1_23' title="bbox 532 2188 2676 2274; baseline -0 -19"><span class='ocrx_word' id='word_1_206' title='bbox 532 2201 782 2274; x_wconf 62' lang='lat' dir='ltr'>ptores,</span> <span class='ocrx_word' id='word_1_207' title='bbox 823 2206 881 2253; x_wconf 90' lang='lat' dir='ltr'>et</span> <span class='ocrx_word' id='word_1_208' title='bbox 924 2190 1082 2272; x_wconf 82' lang='lat' dir='ltr'>pisce</span> <span class='ocrx_word' id='word_1_209' title='bbox 1124 2189 1406 2255; x_wconf 86' lang='lat' dir='ltr'>mutiores</span> <span class='ocrx_word' id='word_1_210' title='bbox 1450 2189 1744 2272; x_wconf 79' lang='lat' dir='ltr'>evadent3</span> <span class='ocrx_word' id='word_1_211' title='bbox 1811 2211 1947 2256; x_wconf 87' lang='lat' dir='ltr'>cum</span> <span class='ocrx_word' id='word_1_212' title='bbox 1991 2190 2063 2254; x_wconf 89' lang='lat' dir='ltr'>de</span> <span class='ocrx_word' id='word_1_213' title='bbox 2105 2190 2276 2256; x_wconf 84' lang='lat' dir='ltr'>rebus</span> <span class='ocrx_word' id='word_1_214' title='bbox 2319 2188 2488 2256; x_wconf 85' lang='lat' dir='ltr'>seriis</span> <span class='ocrx_word' id='word_1_215' title='bbox 2529 2188 2676 2256; x_wconf 81' lang='lat' dir='ltr'>soli·</span> 
     </span>
     <span class='ocr_line' id='line_1_24' title="bbox 532 2265 2680 2364; baseline -0 -28"><span class='ocrx_word' id='word_1_216' title='bbox 532 2272 743 2354; x_wconf 85' lang='lat' dir='ltr'>disque</span> <span class='ocrx_word' id='word_1_217' title='bbox 778 2285 957 2350; x_wconf 78' lang='lat' dir='ltr'>agere</span> <span class='ocrx_word' id='word_1_218' title='bbox 993 2265 1255 2335; x_wconf 84' lang='lat' dir='ltr'>n&#39;esciant</span> <span class='ocrx_word' id='word_1_219' title='bbox 1344 2268 1435 2335; x_wconf 87' lang='lat' dir='ltr'>vel</span> <span class='ocrx_word' id='word_1_220' title='bbox 1478 2275 1526 2338; x_wconf 87' lang='lat' dir='ltr'>si</span> <span class='ocrx_word' id='word_1_221' title='bbox 1571 2272 1875 2349; x_wconf 79' lang='lat' dir='ltr'>scribant,</span> <span class='ocrx_word' id='word_1_222' title='bbox 1913 2289 2017 2337; x_wconf 85' lang='lat' dir='ltr'>aut</span> <span class='ocrx_word' id='word_1_223' title='bbox 2064 2267 2390 2364; x_wconf 87' lang='lat' dir='ltr'>loquantur</span> <span class='ocrx_word' id='word_1_224' title='bbox 2419 2319 2442 2352; x_wconf 88' lang='lat'>,</span> <span class='ocrx_word' id='word_1_225' title='bbox 2483 2271 2680 2336; x_wconf 77' lang='lat' dir='ltr'>incas·</span> 
     </span>
     <span class='ocr_line' id='line_1_25' title="bbox 528 2317 2678 2444; baseline 0 -27"><span class='ocrx_word' id='word_1_226' title='bbox 528 2373 665 2444; x_wconf 77' lang='lat' dir='ltr'>sum</span> <span class='ocrx_word' id='word_1_227' title='bbox 711 2351 887 2416; x_wconf 86' lang='lat' dir='ltr'>verba</span> <span class='ocrx_word' id='word_1_228' title='bbox 930 2347 1216 2432; x_wconf 76' lang='lat' dir='ltr'>fundent,</span> <span class='ocrx_word' id='word_1_229' title='bbox 1258 2317 1473 2416; x_wconf 59' lang='lat' dir='ltr'>frustra</span> <span class='ocrx_word' id='word_1_230' title='bbox 1521 2352 1708 2420; x_wconf 87' lang='lat' dir='ltr'>libros</span> <span class='ocrx_word' id='word_1_231' title='bbox 1751 2353 1970 2427; x_wconf 87' lang='lat' dir='ltr'>edent,</span> <span class='ocrx_word' id='word_1_232' title='bbox 2016 2373 2231 2432; x_wconf 79' lang='lat' dir='ltr'>paucos</span> <span class='ocrx_word' id='word_1_233' title='bbox 2258 2351 2519 2419; x_wconf 85' lang='lat' dir='ltr'>habituri</span> <span class='ocrx_word' id='word_1_234' title='bbox 2561 2373 2678 2418; x_wconf 86' lang='lat' dir='ltr'>an-</span> 
     </span>
     <span class='ocr_line' id='line_1_26' title="bbox 527 2432 2672 2515; baseline 0 -17"><span class='ocrx_word' id='word_1_235' title='bbox 527 2435 795 2508; x_wconf 79' lang='lat' dir='ltr'>dnores,</span> <span class='ocrx_word' id='word_1_236' title='bbox 853 2432 1144 2508; x_wconf 74' lang='lat' dir='ltr'>lectores,</span> <span class='ocrx_word' id='word_1_237' title='bbox 1202 2450 1305 2500; x_wconf 86' lang='lat' dir='ltr'>aut</span> <span class='ocrx_word' id='word_1_238' title='bbox 1348 2450 1706 2504; x_wconf 76' lang='lat' dir='ltr'>sectatores.</span> <span class='ocrx_word' id='word_1_239' title='bbox 1762 2435 1824 2500; x_wconf 89' lang='lat' dir='ltr'>Si</span> <span class='ocrx_word' id='word_1_240' title='bbox 1868 2433 2218 2501; x_wconf 84' lang='lat' dir='ltr'>Christiana</span> <span class='ocrx_word' id='word_1_241' title='bbox 2263 2433 2508 2515; x_wconf 87' lang='lat' dir='ltr'>Religio</span> <span class='ocrx_word' id='word_1_242' title='bbox 2547 2455 2672 2498; x_wconf 87' lang='lat' dir='ltr'>non</span> 
     </span>
     <span class='ocr_line' id='line_1_27' title="bbox 524 2511 2666 2596; baseline 0.001 -18"><span class='ocrx_word' id='word_1_243' title='bbox 524 2514 837 2580; x_wconf 83' lang='lat' dir='ltr'>damnaret</span> <span class='ocrx_word' id='word_1_244' title='bbox 890 2511 1184 2580; x_wconf 84' lang='lat' dir='ltr'>Venerem</span> <span class='ocrx_word' id='word_1_245' title='bbox 1218 2560 1240 2596; x_wconf 95' lang='lat'>,</span> <span class='ocrx_word' id='word_1_246' title='bbox 1300 2531 1359 2578; x_wconf 87' lang='lat' dir='ltr'>et</span> <span class='ocrx_word' id='word_1_247' title='bbox 1424 2513 1552 2592; x_wconf 82' lang='lat' dir='ltr'>ejus</span> <span class='ocrx_word' id='word_1_248' title='bbox 1611 2514 2014 2596; x_wconf 83' lang='lat' dir='ltr'>Idololatras,</span> <span class='ocrx_word' id='word_1_249' title='bbox 2077 2515 2274 2583; x_wconf 89' lang='lat' dir='ltr'>nullos</span> <span class='ocrx_word' id='word_1_250' title='bbox 2317 2515 2666 2582; x_wconf 80' lang='lat' dir='ltr'>haberemus</span> 
     </span>
     <span class='ocr_line' id='line_1_28' title="bbox 492 2594 2669 2680; baseline 0 -20"><span class='ocrx_word' id='word_1_251' title='bbox 492 2594 965 2665; x_wconf 85' lang='lat' dir='ltr'>·Revelatorum</span> <span class='ocrx_word' id='word_1_252' title='bbox 1008 2596 1500 2679; x_wconf 71' lang='lat' dir='ltr'>Mysten-iorum,</span> <span class='ocrx_word' id='word_1_253' title='bbox 1541 2613 1604 2660; x_wconf 89' lang='lat' dir='ltr'>et</span> <span class='ocrx_word' id='word_1_254' title='bbox 1641 2595 1858 2663; x_wconf 82' lang='lat' dir='ltr'>Sacrae</span> <span class='ocrx_word' id='word_1_255' title='bbox 1879 2597 2142 2680; x_wconf 79' lang='lat' dir='ltr'>Pagin&#39;ae</span> <span class='ocrx_word' id='word_1_256' title='bbox 2183 2597 2669 2678; x_wconf 85' lang='lat' dir='ltr'>impugnatores,</span> 
     </span>
     <span class='ocr_line' id='line_1_29' title="bbox 524 2674 2670 2752; baseline 0 -11"><span class='ocrx_word' id='word_1_257' title='bbox 524 2694 593 2741; x_wconf 87' lang='lat' dir='ltr'>et</span> <span class='ocrx_word' id='word_1_258' title='bbox 637 2675 1357 2747; x_wconf 72' lang='lat' dir='ltr'>Histrionicos=1rrisores</span> <span class='ocrx_word' id='word_1_259' title='bbox 1394 2719 1417 2744; x_wconf 86' lang='grc'><strong>.</strong></span> <span class='ocrx_word' id='word_1_260' title='bbox 1477 2677 1592 2743; x_wconf 84' lang='lat' dir='ltr'>Sed</span> <span class='ocrx_word' id='word_1_261' title='bbox 1633 2677 1793 2744; x_wconf 84' lang='lat' dir='ltr'>ohe:</span> <span class='ocrx_word' id='word_1_262' title='bbox 1847 2674 1968 2752; x_wconf 84' lang='lat' dir='ltr'>iam</span> <span class='ocrx_word' id='word_1_263' title='bbox 2012 2677 2158 2746; x_wconf 73' lang='lat' dir='ltr'>finis‘</span> <span class='ocrx_word' id='word_1_264' title='bbox 2182 2677 2261 2743; x_wconf 90' lang='lat' dir='ltr'>sit</span> <span class='ocrx_word' id='word_1_265' title='bbox 2301 2677 2670 2744; x_wconf 76' lang='lat' dir='ltr'>declamandi</span> 
     </span>
     <span class='ocr_line' id='line_1_30' title="bbox 528 2755 2672 2856; baseline 0 -31"><span class='ocrx_word' id='word_1_266' title='bbox 528 2757 601 2825; x_wconf 76' lang='lat' dir='ltr'>‘in</span> <span class='ocrx_word' id='word_1_267' title='bbox 644 2757 1060 2828; x_wconf 88' lang='lat' dir='ltr'>Tenebriones</span> <span class='ocrx_word' id='word_1_268' title='bbox 1102 2759 1419 2856; x_wconf 72' lang='lat' dir='ltr'>illuminati</span> <span class='ocrx_word' id='word_1_269' title='bbox 1464 2761 1660 2844; x_wconf 80' lang='lat' dir='ltr'>nostri</span> <span class='ocrx_word' id='word_1_270' title='bbox 1691 2755 1888 2854; x_wconf 76' lang='lat' dir='ltr'>’seculi</span> <span class='ocrx_word' id='word_1_271' title='bbox 1917 2791 1966 2838; x_wconf 73' lang='lat'>·„</span> <span class='ocrx_word' id='word_1_272' title='bbox 2007 2762 2110 2843; x_wconf 87' lang='lat' dir='ltr'>qui</span> <span class='ocrx_word' id='word_1_273' title='bbox 2156 2757 2672 2854; x_wconf 71' lang='lat' dir='ltr'>Philosophorum</span> 
     </span>
     <span class='ocr_line' id='line_1_31' title="bbox 537 2838 2680 3018; baseline -0.001 -30"><span class='ocrx_word' id='word_1_274' title='bbox 537 2861 770 3018; x_wconf 57' lang='lat' dir='ltr'>affl</span> <span class='ocrx_word' id='word_1_275' title='bbox 814 2838 1782 3018; x_wconf 53' lang='lat' dir='ltr'>fffizufflllzssssz525‘335323,</span> <span class='ocrx_word' id='word_1_276' title='bbox 1797 2838 2680 3018; x_wconf 51' lang='lat' dir='ltr'>‚2¹¹2ssbi’222‘1&#39;223‘fiffiz023322</span> 
     </span>
     <span class='ocr_line' id='line_1_32' title="bbox 532 3003 2670 3090; baseline -0 -22"><span class='ocrx_word' id='word_1_277' title='bbox 532 3005 738 3072; x_wconf 77' lang='lat' dir='ltr'>divina</span> <span class='ocrx_word' id='word_1_278' title='bbox 777 3006 982 3072; x_wconf 80' lang='lat' dir='ltr'>omnia</span> <span class='ocrx_word' id='word_1_279' title='bbox 1020 3025 1051 3084; x_wconf 86' lang='lat'>,·</span> <span class='ocrx_word' id='word_1_280' title='bbox 1083 3025 1238 3090; x_wconf 80' lang='lat' dir='ltr'>quae</span> <span class='ocrx_word' id='word_1_281' title='bbox 1278 3025 1395 3069; x_wconf 90' lang='lat' dir='ltr'>non</span> <span class='ocrx_word' id='word_1_282' title='bbox 1436 3022 1733 3085; x_wconf 74' lang='lat' dir='ltr'>capiunt·,</span> <span class='ocrx_word' id='word_1_283' title='bbox 1791 3009 2174 3071; x_wconf 73' lang='lat' dir='ltr'>insectando.</span> <span class='ocrx_word' id='word_1_284' title='bbox 2237 3003 2407 3068; x_wconf 76' lang='lat' dir='ltr'>mad</span> <span class='ocrx_word' id='word_1_285' title='bbox 2445 3024 2670 3067; x_wconf 61' lang='lat' dir='ltr'>merum</span> 
     </span>
     <span class='ocr_line' id='line_1_33' title="bbox 522 3083 2672 3168; baseline 0 -18"><span class='ocrx_word' id='word_1_286' title='bbox 522 3087 708 3164; x_wconf 88' lang='lat' dir='ltr'>(sunt</span> <span class='ocrx_word' id='word_1_287' title='bbox 752 3083 1079 3166; x_wconf 88' lang='lat' dir='ltr'>Musonii‚</span> <span class='ocrx_word' id='word_1_288' title='bbox 1141 3087 1335 3168; x_wconf 79' lang='lat' dir='ltr'>gravis</span> <span class='ocrx_word' id='word_1_289' title='bbox 1383 3085 1738 3166; x_wconf 86' lang='lat' dir='ltr'>Philosophi</span> <span class='ocrx_word' id='word_1_290' title='bbox 1788 3087 2000 3152; x_wconf 80' lang='lat' dir='ltr'>verba.</span> <span class='ocrx_word' id='word_1_291' title='bbox 2033 3086 2188 3165; x_wconf 87' lang='lat' dir='ltr'>apud</span> <span class='ocrx_word' id='word_1_292' title='bbox 2232 3084 2554 3162; x_wconf 80' lang='lat' dir='ltr'>Gellium,</span> <span class='ocrx_word' id='word_1_293' title='bbox 2594 3083 2672 3150; x_wconf 85' lang='lat' dir='ltr'>de</span> 
     </span>
     <span class='ocr_line' id='line_1_34' title="bbox 527 3161 2672 3260; baseline -0.001 -28"><span class='ocrx_word' id='word_1_294' title='bbox 527 3165 885 3250; x_wconf 70' lang='lat' dir='ltr'>quibusdam</span> <span class='ocrx_word' id='word_1_295' title='bbox 930 3166 1657 3248; x_wconf 80' lang='lat' dir='ltr'>Pseudo-Philosophis),</span> <span class='ocrx_word' id='word_1_296' title='bbox 1689 3169 1878 3260; x_wconf 46' lang='lat' dir='ltr'>‘quod</span> <span class='ocrx_word' id='word_1_297' title='bbox 1917 3165 2056 3254; x_wconf 36' lang='lat' dir='ltr'>ista„</span> <span class='ocrx_word' id='word_1_298' title='bbox 2076 3161 2376 3232; x_wconf 73' lang='lat' dir='ltr'>animatia</span> <span class='ocrx_word' id='word_1_299' title='bbox 2412 3183 2672 3246; x_wconf 72' lang='lat' dir='ltr'>spurce,</span> 
     </span>
     <span class='ocr_line' id='line_1_35' title="bbox 522 3243 2665 3330; baseline 0 -18"><span class='ocrx_word' id='word_1_300' title='bbox 522 3263 597 3312; x_wconf 72' lang='lat' dir='ltr'>at</span> <span class='ocrx_word' id='word_1_301' title='bbox 639 3270 710 3312; x_wconf 82' lang='lat' dir='ltr'>ue</span> <span class='ocrx_word' id='word_1_302' title='bbox 742 3247 956 3327; x_wconf 81' lang='lat' dir='ltr'>probra</span> <span class='ocrx_word' id='word_1_303' title='bbox 996 3272 1195 3314; x_wconf 81' lang='lat' dir='ltr'>nomen</span> <span class='ocrx_word' id='word_1_304' title='bbox 1234 3264 1518 3327; x_wconf 79' lang='lat' dir='ltr'>usurpent</span> <span class='ocrx_word' id='word_1_305' title='bbox 1557 3246 2002 3315; x_wconf 63' lang='lat' dir='ltr'>sanctrssr‘mum</span> <span class='ocrx_word' id='word_1_306' title='bbox 2023 3297 2042 3328; x_wconf 87' lang='lat'>,</span> <span class='ocrx_word' id='word_1_307' title='bbox 2083 3264 2144 3313; x_wconf 81' lang='lat' dir='ltr'>et</span> <span class='ocrx_word' id='word_1_308' title='bbox 2173 3243 2512 3330; x_wconf 73' lang='lat' dir='ltr'>Philosophi</span> <span class='ocrx_word' id='word_1_309' title='bbox 2553 3265 2665 3330; x_wconf 74' lang='lat' dir='ltr'>ap-</span> 
     </span>
     <span class='ocr_line' id='line_1_36' title="bbox 516 3271 2671 3421; baseline 0 -30"><span class='ocrx_word' id='word_1_310' title='bbox 516 3271 822 3420; x_wconf 58' lang='lat' dir='ltr'>peJlentug</span> <span class='ocrx_word' id='word_1_311' title='bbox 839 3351 879 3394; x_wconf 90' lang='lat'>.·</span> <span class='ocrx_word' id='word_1_312' title='bbox 900 3327 1287 3421; x_wconf 56' lang='lat' dir='ltr'>Athenienses:</span> <span class='ocrx_word' id='word_1_313' title='bbox 1322 3324 1562 3418; x_wconf 68' lang='lat' dir='ltr'>anfe&#39;qui</span> <span class='ocrx_word' id='word_1_314' title='bbox 1609 3327 1844 3419; x_wconf 62' lang='lat' dir='ltr'>numina</span> <span class='ocrx_word' id='word_1_315' title='bbox 1879 3332 2170 3414; x_wconf 76' lang='lat' dir='ltr'>juvenum</span> <span class='ocrx_word' id='word_1_316' title='bbox 2197 3325 2671 3414; x_wconf 64' lang='lat' dir='ltr'>fortissimorum</span> 
     </span>
     <span class='ocr_line' id='line_1_37' title="bbox 521 3406 2666 3493; baseline -0.001 -16"><span class='ocrx_word' id='word_1_317' title='bbox 521 3407 835 3473; x_wconf 73' lang='lat' dir='ltr'>Harmodu&#39;</span> <span class='ocrx_word' id='word_1_318' title='bbox 852 3452 873 3486; x_wconf 81' lang='lat'><strong>‚</strong></span> <span class='ocrx_word' id='word_1_319' title='bbox 913 3429 974 3474; x_wconf 73' lang='lat' dir='ltr'>et</span> <span class='ocrx_word' id='word_1_320' title='bbox 1011 3406 1441 3492; x_wconf 69' lang='lat' dir='ltr'>Aristogetoms</span> <span class='ocrx_word' id='word_1_321' title='bbox 1459 3455 1478 3486; x_wconf 88' lang='lat'>,</span> <span class='ocrx_word' id='word_1_322' title='bbox 1541 3431 1648 3490; x_wconf 67' lang='lat' dir='ltr'>qut</span> <span class='ocrx_word' id='word_1_323' title='bbox 1708 3410 2014 3478; x_wconf 77' lang='lat' dir='ltr'>libertatis</span> <span class='ocrx_word' id='word_1_324' title='bbox 2053 3409 2478 3493; x_wconf 78' lang='lat' dir='ltr'>recuperandae</span> <span class='ocrx_word' id='word_1_325' title='bbox 2509 3433 2666 3491; x_wconf 74' lang='lat' dir='ltr'>gra-</span> 
     </span>
     <span class='ocr_line' id='line_1_38' title="bbox 526 3485 2670 3575; baseline 0.001 -22"><span class='ocrx_word' id='word_1_326' title='bbox 526 3485 619 3556; x_wconf 77' lang='lat' dir='ltr'>n‘a</span> <span class='ocrx_word' id='word_1_327' title='bbox 642 3535 662 3570; x_wconf 95' lang='lat'>,</span> <span class='ocrx_word' id='word_1_328' title='bbox 702 3486 999 3572; x_wconf 69' lang='lat' dir='ltr'>Hippiam</span> <span class='ocrx_word' id='word_1_329' title='bbox 1043 3501 1387 3574; x_wconf 78' lang='lat' dir='ltr'>Tyrannum</span> <span class='ocrx_word' id='word_1_330' title='bbox 1432 3487 1758 3570; x_wconf 70' lang='lat' dir='ltr'>interficere</span> <span class='ocrx_word' id='word_1_331' title='bbox 1798 3491 2001 3559; x_wconf 78' lang='lat' dir='ltr'>adorsi</span> <span class='ocrx_word' id='word_1_332' title='bbox 2042 3509 2209 3558; x_wconf 76' lang='lat' dir='ltr'>erant</span> <span class='ocrx_word' id='word_1_333' title='bbox 2228 3537 2251 3572; x_wconf 86' lang='lat'>,</span> <span class='ocrx_word' id='word_1_334' title='bbox 2292 3516 2364 3556; x_wconf 86' lang='lat' dir='ltr'>ne</span> <span class='ocrx_word' id='word_1_335' title='bbox 2399 3510 2670 3575; x_wconf 77' lang='lat' dir='ltr'>unquam</span> 
     </span>
     <span class='ocr_line' id='line_1_39' title="bbox 522 3567 2660 3658; baseline -0.001 -20"><span class='ocrx_word' id='word_1_336' title='bbox 522 3567 714 3638; x_wconf 76' lang='lat' dir='ltr'>servis</span> <span class='ocrx_word' id='word_1_337' title='bbox 754 3568 951 3638; x_wconf 72' lang='lat' dir='ltr'>indere</span> <span class='ocrx_word' id='word_1_338' title='bbox 992 3570 1194 3640; x_wconf 77' lang='lat' dir='ltr'>liceret</span> <span class='ocrx_word' id='word_1_339' title='bbox 1214 3615 1239 3650; x_wconf 90' lang='lat'>,</span> <span class='ocrx_word' id='word_1_340' title='bbox 1277 3570 1504 3636; x_wconf 82' lang='lat' dir='ltr'>decreto</span> <span class='ocrx_word' id='word_1_341' title='bbox 1540 3570 1782 3652; x_wconf 72' lang='lat' dir='ltr'>publico</span> <span class='ocrx_word' id='word_1_342' title='bbox 1819 3594 2137 3642; x_wconf 78' lang='lat' dir='ltr'>sanxerunt</span> <span class='ocrx_word' id='word_1_343' title='bbox 2163 3599 2190 3640; x_wconf 88' lang='grc'>.·</span> <span class='ocrx_word' id='word_1_344' title='bbox 2233 3570 2515 3658; x_wconf 73' lang='lat' dir='ltr'>quoniaem</span> <span class='ocrx_word' id='word_1_345' title='bbox 2554 3595 2660 3638; x_wconf 87' lang='lat' dir='ltr'>ne-</span> 
     </span>
     <span class='ocr_line' id='line_1_40' title="bbox 510 3649 2662 3740; baseline 0.001 -23"><span class='ocrx_word' id='word_1_346' title='bbox 510 3649 633 3736; x_wconf 77' lang='lat' dir='ltr'>fas</span> <span class='ocrx_word' id='word_1_347' title='bbox 667 3649 945 3717; x_wconf 81' lang='lat' dir='ltr'>ducerent</span> <span class='ocrx_word' id='word_1_348' title='bbox 964 3703 984 3737; x_wconf 88' lang='lat'>,</span> <span class='ocrx_word' id='word_1_349' title='bbox 1026 3649 1265 3721; x_wconf 69' lang='lat' dir='ltr'>nomina</span> <span class='ocrx_word' id='word_1_350' title='bbox 1288 3699 1309 3734; x_wconf 93' lang='lat'>‚</span> <span class='ocrx_word' id='word_1_351' title='bbox 1350 3649 1626 3720; x_wconf 70' lang='lat' dir='ltr'>libertati</span> <span class='ocrx_word' id='word_1_352' title='bbox 1657 3653 1900 3740; x_wconf 71' lang='lat' dir='ltr'>patriae</span> <span class='ocrx_word' id='word_1_353' title='bbox 1935 3657 2152 3724; x_wconf 73' lang='lat' dir='ltr'>devota</span> <span class='ocrx_word' id='word_1_354' title='bbox 2174 3699 2196 3734; x_wconf 90' lang='lat'>,</span> <span class='ocrx_word' id='word_1_355' title='bbox 2253 3653 2466 3722; x_wconf 76' lang='lat' dir='ltr'>servili</span> <span class='ocrx_word' id='word_1_356' title='bbox 2521 3663 2662 3719; x_wconf 71' lang='lat' dir='ltr'>con-</span> 
     </span>
     <span class='ocr_line' id='line_1_41' title="bbox 524 3729 2664 3830; baseline 0.001 -33"><span class='ocrx_word' id='word_1_357' title='bbox 524 3729 711 3829; x_wconf 51' lang='lat' dir='ltr'>tagio·</span> <span class='ocrx_word' id='word_1_358' title='bbox 726 3731 926 3828; x_wconf 68' lang='lat' dir='ltr'>pqllm&#39;</span> <span class='ocrx_word' id='word_1_359' title='bbox 942 3784 963 3804; x_wconf 87' lang='lat'><strong>.</strong></span> <span class='ocrx_word' id='word_1_360' title='bbox 1009 3745 1148 3830; x_wconf 45' lang='lat' dir='ltr'>‚Cur</span> <span class='ocrx_word' id='word_1_361' title='bbox 1186 3755 1319 3830; x_wconf 56' lang='lat' dir='ltr'>ersso</span> <span class='ocrx_word' id='word_1_362' title='bbox 1368 3757 1471 3800; x_wconf 81' lang='lat' dir='ltr'>nos</span> <span class='ocrx_word' id='word_1_363' title='bbox 1549 3732 1780 3830; x_wconf 64' lang='lat' dir='ltr'>atingun·</span> <span class='ocrx_word' id='word_1_364' title='bbox 1807 3785 1830 3821; x_wconf 89' lang='lat'>‚</span> <span class='ocrx_word' id='word_1_365' title='bbox 1887 3761 2088 3804; x_wconf 87' lang='lat' dir='ltr'>nomen</span> <span class='ocrx_word' id='word_1_366' title='bbox 2127 3735 2366 3804; x_wconf 69' lang='lat' dir='ltr'>Philon&gt;</span> <span class='ocrx_word' id='word_1_367' title='bbox 2407 3733 2538 3802; x_wconf 70' lang='lat' dir='ltr'>hiae</span> <span class='ocrx_word' id='word_1_368' title='bbox 2577 3733 2664 3800; x_wconf 69' lang='lat'>1⁶!-</span> 
     </span>
     <span class='ocr_line' id='line_1_42' title="bbox 526 3815 2660 3908; baseline 0.001 -26"><span class='ocrx_word' id='word_1_369' title='bbox 526 3817 961 3908; x_wconf 66' lang='lat' dir='ltr'>lgcrsrrssaemum</span> <span class='ocrx_word' id='word_1_370' title='bbox 1001 3839 1065 3881; x_wconf 88' lang='lat' dir='ltr'>m</span> <span class='ocrx_word' id='word_1_371' title='bbox 1106 3815 1441 3884; x_wconf 79' lang='lat' dir='ltr'>homenibus</span> <span class='ocrx_word' id='word_1_372' title='bbox 1521 3817 1816 3887; x_wconf 67' lang='lat' dir='ltr'>etet-rimis</span> <span class='ocrx_word' id='word_1_373' title='bbox 1854 3820 2211 3887; x_wconf 75' lang='lat' dir='ltr'>exardescere</span> <span class='ocrx_word' id='word_1_374' title='bbox 2225 3823 2264 3883; x_wconf 84' lang='lat'><em>?</em></span> <span class='ocrx_word' id='word_1_375' title='bbox 2374 3819 2468 3886; x_wconf 84' lang='lat' dir='ltr'>ide</span> <span class='ocrx_word' id='word_1_376' title='bbox 2509 3817 2660 3885; x_wconf 73' lang='lat' dir='ltr'>Get.</span> 
     </span>
     <span class='ocr_line' id='line_1_43' title="bbox 518 3895 2658 3988; baseline 0 -21"><span class='ocrx_word' id='word_1_377' title='bbox 518 3895 645 3968; x_wconf 73' lang='lat' dir='ltr'>leb·</span> <span class='ocrx_word' id='word_1_378' title='bbox 660 3919 726 3984; x_wconf 86' lang='lat'>9.</span> <span class='ocrx_word' id='word_1_379' title='bbox 763 3923 817 3970; x_wconf 80' lang='lat' dir='ltr'>c.</span> <span class='ocrx_word' id='word_1_380' title='bbox 844 3921 903 3971; x_wconf 86' lang='lat'>2.</span> <span class='ocrx_word' id='word_1_381' title='bbox 946 3907 1091 3976; x_wconf 82' lang='lat' dir='ltr'>NN.</span> <span class='ocrx_word' id='word_1_382' title='bbox 1132 3907 1271 3972; x_wconf 74' lang='grc' dir='ltr'>ΛΑ.</span> <span class='ocrx_word' id='word_1_383' title='bbox 1288 3946 1313 3984; x_wconf 84' lang='grc'><strong><em>,</em></strong></span> <span class='ocrx_word' id='word_1_384' title='bbox 1369 3919 1444 3969; x_wconf 81' lang='lat' dir='ltr'>ex</span> <span class='ocrx_word' id='word_1_385' title='bbox 1482 3920 1610 3986; x_wconf 82' lang='lat' dir='ltr'>quo</span> <span class='ocrx_word' id='word_1_386' title='bbox 1650 3899 1800 3970; x_wconf 82' lang='lat' dir='ltr'>haec</span> <span class='ocrx_word' id='word_1_387' title='bbox 1821 3924 1848 3966; x_wconf 87' lang='lat'>.-</span> <span class='ocrx_word' id='word_1_388' title='bbox 1909 3921 2068 3988; x_wconf 85' lang='lat' dir='ltr'>quae</span> <span class='ocrx_word' id='word_1_389' title='bbox 2121 3901 2284 3972; x_wconf 84' lang='lat' dir='ltr'>dicta</span> <span class='ocrx_word' id='word_1_390' title='bbox 2343 3899 2489 3971; x_wconf 76' lang='lat' dir='ltr'>volo</span> <span class='ocrx_word' id='word_1_391' title='bbox 2525 3901 2658 3968; x_wconf 81' lang='lat' dir='ltr'>sine</span> 
     </span>
    </p>
   </div>
  </div>
 </body>
</html>
