2985 4387
1232 250 1411 320 VA
2219 274 2336 340 ²41

344 374 523 431 Vates
588 356 953 440 foeminae,
1012 377 1113 437 seu
1154 378 1308 443 quae
1348 358 1421 421 de
1460 351 1672 450 futuris
1739 356 2213 451 vaticinabantur
2245 406 2267 441 ,
2327 381 2417 429 et·

270 446 399 513 iam
444 448 604 513 inter
644 440 1043 525 Christianos
1072 440 1254 521 primi
1302 436 1610 505 Ecclesiae
1663 440 1880 505 sacculi
1953 461 2072 507 non
2127 442 2359 511 defuere
2395 494 2418 515 .

272 528 467 594 Tales
507 524 742 593 fuerunt
828 540 1044 589 namot
1088 520 1356 603 Philippi
1399 518 1666 589 Diacoui
1706 516 1870 587 filiae
1931 521 2216 605 Virgines
2266 570 2289 606 ,
2335 526 2422 593 -de

262 612 485 697 quibus
532 610 595 674 in
636 601 777 671 Acti
816 626 887 669 us
926 604 1188 687 apostol.
1231 620 1363 683 cap.
1407 622 1510 667 21.

345 687 523 759 Vatia
551 734 575 771 ,
614 688 739 753 sive
776 682 999 763 Vaciae,
1049 685 1141 747 vir
1184 683 1569 761 Praetorius,
1611 681 1782 777 Yalde
1820 685 2024 768 dives,
2083 687 2189 771 qui
2249 685 2417 757 nulla

267 768 558 841 laudabili
604 788 669 833 re
739 786 914 833 notus
958 766 1199 834 Romae
1237 780 1406 845 erat3
1448 781 1512 829 at
1553 780 1727 846 ono,
1793 783 1856 832 et
1914 768 2131 835 desidia
2192 770 2418 839 nemini

272 855 511 937 ignotus
548 896 569 917 .
616 849 690 916 ln
732 868 879 928 agro
922 846 1207 921 Romano
1247 846 1554 911 consenuit
1582 888 1614 936 ,⁸
1643 864 1704 911 et
1745 845 1860 914 hoc
1899 847 2044 915 felix
2089 849 2420 919 habebatur

266 959 303 1001 a
350 930 697 1010 nonnullis,
736 931 839 1015 qui
880 930 933 995 ei
974 928 1289 1003 dicebant:
1334 931 1426 993 ΟΞ
1473 935 1654 993 Vacua
1697 946 1764 993 tu
1804 930 1970 996 solus
2004 928 2126 999 scis
2142 928 2345 999 vivere
2388 984 2409 1004 .

264 1014 503 1081 Verum
527 1055 552 1090 ,
592 1032 661 1078 ut
700 1016 788 1077 ait
828 1011 1044 1081 Seneca
1067 1056 1089 1092 ,
1131 1008 1279 1083 haec
1320 1027 1562 1073 narrans
1589 1010 1816 1088 ,latere
1853 1008 2120 1090 sciebat,
2167 1033 2276 1077 non
2315 1010 2417 1079 vi-

266 1118 403 1166 vere
428 1142 445 1169 .
492 1092 563 1158 In
610 1093 785 1161 Villa
828 1113 934 1159 sua
978 1091 1200 1160 viventi
1242 1111 1279 1155 a
1324 1092 1834 1171 praetereuntibus
1873 1093 1990 1159 dici
2053 1112 2286 1176 poterat
2328 1111 2420 1160 et-

266 1180 393 1245 iam
435 1174 612 1243 vivo:
656 1170 839 1249 Vaciae
880 1169 981 1245 hic
1016 1168 1181 1247 situs
1214 1190 1305 1265 αξ
1330 1216 1357 1265 ².
1394 1168 1494 1237 Ita
1535 1170 1754 1241 Seneca
1785 1222 1806 1256 ‚
1849 1196 1974 1261 quo
2016 1174 2237 1240 indicat
2257 1174 2416 1242 Stoi-

266 1282 411 1339 cus,
450 1256 584 1323 otio
626 1254 1031 1337 indulgentes,
1071 1272 1133 1320 et
1176 1252 1478 1333 desidiae,
1521 1272 1644 1322 non
1691 1256 1925 1343 vivos,
1983 1256 2084 1323 sed
2143 1274 2416 1333 mortuos

268 1360 431 1415 esse.

346 1414 669 1501 Vatinius,
710 1419 865 1488 Cos.
909 1413 1065 1498 Ejus
1089 1412 1459 1485 Consulatus
1501 1416 1652 1483 adeo
1693 1416 1894 1485 brevis
1929 1416 2048 1487 fuit
2076 1464 2098 1499 ,
2140 1440 2208 1488 ut
2251 1418 2422 1489 Tul-

270 1502 431 1582 lius,
474 1500 544 1565 ad
588 1498 871 1581 facetias,
911 1518 972 1563 et
1015 1514 1187 1564 acuta
1230 1498 1387 1589 dicta
1472 1503 1748 1581 ropensus
1778 1548 1796 1581 ,
1867 1502 1941 1566 de
2004 1521 2078 1567 eo
2134 1502 2352 1570 dixerit
2397 1525 2416 1566 ε

270 1594 571 1667 Magnum
606 1598 899 1649 ostentum
942 1600 1096 1645 anno
1136 1576 1364 1644 Vatinii
1437 1596 1640 1645 actum
1681 1598 1768 1645 est
1787 1606 1808 1648 s
1851 1580 2006 1673 quod
2031 1628 2053 1663 ,
2115 1581 2226 1648 illo
2265 1593 2419 1649 Con-

271 1668 443 1746 sule,
489 1685 590 1727 nec
632 1661 893 1741 bruma,
938 1680 1041 1727 nec
1080 1682 1186 1725 ver
1209 1706 1231 1741 ,
1276 1680 1379 1723 nee
1416 1676 1740 1727 autumnus
1767 1661 1947 1745 furt.
1986 1662 2084 1728 Ita
2125 1664 2418 1733 Macrob.

278 1744 595 1821 saturnal.
636 1745 685 1813 Ι.
728 1766 789 1822 2.
828 1766 881 1811 c.
927 1762 989 1825 3.
1032 1740 1129 1809 De
1168 1761 1243 1807 eo
1289 1741 1351 1807 in
1392 1738 1716 1827 specimine
1757 1742 1918 1813 alia.
2351 1758 2358 1765 ·

1252 1860 1319 1943 V
1350 1860 1412 1933 Ε
1713 1856 1720 1865 “
1945 1878 1982 1940 *x

354 1986 668 2061 Vectiaenus
705 1990 843 2075 (Q
888 1986 1191 2065 Vectius)
1230 2006 1302 2054 eit
1344 1984 1577 2056 Marsis
1597 2035 1619 2068 ,
1684 1984 1973 2057 Ciceroni
2036 2007 2212 2057 notus
2256 1990 2420 2061 Ora·

278 2088 419 2151 tor,
465 2072 583 2136 Vir
626 2074 873 2149 prudens
898 2118 919 2150 ,
958 2088 1021 2136 et
1066 2070 1127 2133 in
1173 2068 1419 2135 dicendo
1458 2070 1694 2139 brevis.
1737 2070 1835 2137 lta
1881 2070 2018 2139 Cic.
2063 2072 2125 2138 in
2168 2078 2385 2138 Erato.

360 2149 571 2224 Velina
614 2152 757 2228 (Τ.
801 2150 1091 2228 Annius)
1137 2151 1367 2219 Orator
1405 2152 1696 2237 prudens,
1737 2173 1798 2222 et
1840 2153 1903 2223 in
1943 2154 2192 2238 privatis
2233 2153 2431 2223 Caus-

284 2235 365 2308 sis
408 2231 775 2308 tolerabilis.
815 2234 919 2308 Ita
959 2231 1101 2301 Cic.
1145 2233 1209 2299 in
1250 2241 1429 2300 Bruto
1458 2281 1479 2301 .
1837 2275 1852 2290 -

937 2393 1201 2466 Cotto
1229 2413 1398 2464 tta
1424 2416 1718 2468 utun.

369 2558 717 2633 Verturiones
756 2557 1075 2643 theatrales
1116 2606 1140 2643 ,
1210 2563 1453 2632 Roma-e
1472 2607 1496 2643 ,
1559 2583 1666 2632 seu
1721 2561 2053 2632 certamina
2113 2561 2430 2633 hominum

289 2669 427 2716 cum
471 2645 681 2714 belluis
727 2641 1012 2712 ferocibus
1032 2653 1289 2734 nactus
1326 2643 1714 2712 detestabiles·
1752 2645 2020 2728 appellat
2081 2645 2434 2736 Theodori-

290 2753 394 2796 cus
438 2727 683 2796 Gothus
712 2773 733 2804 ,
776 2723 994 2794 Italiae
1038 2740 1135 2793 rex
1169 2774 1191 2809 ,
1232 2729 1337 2812 qui
1382 2750 1481 2793 eas
1519 2729 1840 2795 describit.
1883 2727 2046 2792 Vide
2087 2732 2283 2809 Epist.
2321 2747 2430 2804 42.

290 2807 601 2876 Van-iarum
644 2805 755 2878 lib.
800 2831 858 2906 5.
897 2808 1245 2903 cassiodori
1273 2856 1296 2877 .
1360 2809 1628 2902 Esquo
1669 2807 1856 2873 intelli
1903 2807 2025 2901 itur
2067 2848 2090 2884 ,
2150 2808 2432 2890 barbaros

292 2891 537 2960 Gothos
579 2891 959 2958 humaniores
995 2889 1173 2956 cultis
1218 2890 1517 2956 Romanis
1555 2886 1772 2956 fuisse.
1877 2906 2074 2957 tinam
2117 2887 2434 2963 barbarum

292 2971 451 3040 hunc
490 2993 721 3039 morem
764 2990 869 3050 per
912 2969 1241 3054 Hispanias
1279 2992 1315 3062 a
1356 2969 1698 3048 Romanis,
1775 2988 1872 3034 eas
1929 2967 2370 3037 dominantibus
2410 3017 2436 3048 ,

290 3053 449 3118 olim
492 3070 886 3136 propagatum
936 3095 959 3131 ,
1027 3071 1063 3117 e
1100 3053 1299 3118 medio
1339 3049 1556 3115 tollere
1585 3097 1606 3130 ,
1667 3067 1728 3114 et
1767 3049 2064 3132 extirpare
2107 3051 2436 3131 potuissent

289 3131 487 3200 Gothi
527 3153 738 3220 reges,
795 3131 899 3216 qui
970 3130 1267 3198 Romanis
1328 3129 1654 3212 Hispanias
1693 3129 2073 3209 eripuerunt.
2153 3131 2431 3212 Pugnant

290 3211 453 3280 enim
496 3211 687 3280 adhuc
712 3259 733 3294 ,
780 3209 997 3294 partim
1042 3211 1242 3290 lucri,
1310 3213 1530 3292 partim
1589 3212 1780 3276 inanis
1821 3209 2048 3294 gloriae
2103 3213 2304 3296 cupidi
2373 3213 2438 3280 in

292 3291 779 3374 Amphitheatris
826 3293 1079 3374 Hispani
1122 3293 1387 3360 nonnulli
1432 3293 1770 3378 audaciores
1810 3297 1860 3371 ,'
1892 3292 2208 3366 velocitate
2262 3317 2366 3362 sua
2410 3343 2434 3376 ,

292 3391 355 3440 et
394 3387 523 3440 arte
558 3373 804 3454 confisi,
841 3395 979 3441 cum
1023 3377 1205 3441 tauris
1247 3372 1664 3452 ferocissimis,
1708 3371 1935 3455 populo
1981 3376 2330 3456 plaudente,
2372 3393 2434 3443 et

294 3451 465 3522 ludos
505 3453 673 3522 aleae
754 3455 918 3522 lenos
997 3474 1296 3538 spectante
1330 3478 1492 3524 curn-
1519 3457 1833 3536 voluptate
1857 3502 1878 3521 .
1923 3455 2272 3528 Prudentius
2292 3479 2433 3523 con-

293 3552 392 3602 tra
432 3477 859 3630 Symmacssutn
905 3535 1279 3618 Ethnicum,
1320 3537 1510 3603 Urbis
1581 3533 1954 3604 Praefectum
1999 3581 2022 3615 ,
2085 3556 2149 3604 et
2208 3537 2435 3606 Virum

292 3619 701 3703 doctissimum
742 3616 996 3684 scnbeus
1016 3662 1037 3694 ,
1080 3613 1353 3684 hortatur
1395 3619 1738 3686 Honoriutn
1785 3621 2122 3700 Augustum
2141 3663 2164 3697 ,
2225 3637 2291 3685 ut
2333 3639 2436 3686 ve·

298 3717 388 3764 tet
412 3698 577 3792 ,haec
615 3697 1056 3779 certamina,ad
1096 3718 1255 3785 quae
1292 3697 1697 3786 delinquentes
1737 3698 2174 3768 damnabantur
2191 3700 2267 3766 ad
2312 3701 2434 3768 Po-

297 3778 431 3861 puli
470 3779 983 3862 oblectamentum
1018 3799 1237 3850 canens
1267 3801 1287 3846 t

1645 3859 1736 3946 Q
2040 3843 2066 3924 .’
2203 3863 2358 3928 Nul-
