2985 4387
1220 320 1265 387 S
1303 318 1367 389 C
1577 362 1584 369 ·
2177 334 2298 407 205

241 422 704 515 circumfertur.
790 426 897 495 An
938 448 1053 493 non
1094 426 1373 505 praedicti
1419 418 1776 505 Philosophi
1821 422 1988 495 omni
2053 444 2233 493 vento
2273 427 2387 493 im-

234 512 378 589 piae
406 558 426 587 ,
465 526 526 577 et
570 512 805 575 insanae
842 509 1144 575 doctrinae
1185 503 1722 575 circumferuntur?
1815 506 2004 589 Apud
2048 506 2187 575 illos
2233 506 2388 575 nihil

226 590 477 655 firmum
507 640 529 671 ‚
576 590 731 656 nihil
776 604 1099 655 constanst
1146 591 1347 659 omnia
1374 637 1397 669 ‚
1433 608 1592 671 quae
1631 588 1704 650 ad
1744 606 2056 653 aeternam
2119 587 2388 658 salutem

222 690 542 751 spectant,
588 690 801 737 vocant
842 671 901 736 in
943 670 1189 737 dubium
1232 693 1251 733 t
1315 691 1438 756 quo
1480 669 1681 733 Fidem
1705 669 2030 763 „omnium
2095 672 2388 739 virtutum

226 751 685 819 fundamentum
730 752 1021 818 amittunt
1062 794 1085 829 ,
1150 772 1329 834 seque
1390 750 1928 831 imprudentissime
1995 748 2054 815 in
2118 769 2390 819 aeternae

222 833 641 901 damnationis
686 818 1032 899 baraffirnm
1074 832 1446 916 conjiciunt,
1517 832 1663 915 quin
1721 850 1796 896 ex
1855 852 1958 897 sua
2021 831 2383 925 infidelitate

228 912 503 981 fructum
544 912 735 982 alium
778 915 1019 997 capiant
1046 956 1068 989 ‚
1108 922 1293 997 quam
1339 932 1710 991 remorsum‚
1773 928 1834 977 et
1879 928 2174 978 tormenta
2231 936 2386 982 con·

226 994 551 1077 scientiae,
596 1016 751 1081 quae
794 995 1155 1062 clamoribus
1195 996 1357 1071 suis,
1398 993 1491 1059 vel
1541 994 1696 1058 inter
1735 994 1972 1058 sensiles
2015 992 2388 1076 voluptates,

225 1092 291 1141 et
338 1077 695 1143 vitiosorum
740 1074 976 1163 plausus
1036 1078 1219 1143 animi
1283 1096 1491 1160 pacem
1526 1116 1548 1153 ,
1608 1090 1668 1139 et
1732 1075 2234 1159 tranquillitatem
2293 1077 2379 1143 eis

228 1156 460 1240 eripit,
497 1176 559 1223 et
598 1158 774 1225 surdo
816 1159 1057 1225 verbere
1093 1159 1286 1226 caedit
1346 1177 1556 1223 eorum
1633 1172 1940 1237 mentem,
2003 1179 2184 1241 quam
2228 1173 2396 1225 atto-

226 1238 429 1305 nitam
472 1238 718 1307 reddunt
808 1239 889 1306 ab
930 1240 1067 1321 ipsis
1106 1240 1265 1307 edita
1344 1238 1576 1319 impia,
1620 1238 1914 1319 impudica
1940 1285 1962 1321 ,
2001 1256 2064 1303 et
2102 1238 2387 1322 sacrilega

224 1320 491 1402 scripta,
532 1341 686 1405 quae
727 1318 1177 1387 scandalo·sunt
1224 1323 1491 1387 incautae
1538 1318 1874 1400 juventuti,
1920 1338 1982 1388 et
2023 1339 2232 1389 nostro
2292 1342 2390 1387 se-

224 1401 369 1467 culo
414 1398 717 1469 infamiam
760 1421 1007 1469 creant.
1092 1402 1191 1468 Ex
1238 1400 1395 1467 bisce
1436 1400 1632 1466 dubiis
1675 1419 1920 1466 manant
1994 1416 2087 1467 tot
2147 1418 2396 1469 contra-

226 1482 523 1549 dictiones
558 1528 579 1565 ,
640 1503 792 1569 quae
851 1486 909 1549 in
974 1502 1179 1548 eorum
1240 1482 1489 1563 Scriptis
1571 1482 1952 1573 inveni-untur
2011 1529 2033 1564 ,
2120 1502 2394 1568 quaeque

226 1562 577 1631 Auctoruin
622 1563 1019 1649 ignorantiam
1064 1564 1359 1645 produnt.
1406 1561 1567 1653 Vide
1607 1562 1975 1628 Dubitantes
2010 1565 2072 1630 in
2102 1565 2208 1633 D.
2241 1562 2396 1631 Phi·

226 1641 458 1725 Iosophi
484 1691 503 1723 ‚
548 1642 894 1727 Pyrrbom’cr‘
936 1646 995 1710 in
1042 1646 1129 1713 P.
1173 1641 1482 1725 Sapientia
1525 1663 1696 1724 supra
1721 1689 1743 1711 .

312 1722 566 1794 Schola.
610 1728 873 1824 Antiqui
918 1726 1111 1793 Rom.
1152 1727 1423 1794 scholam
1470 1726 1760 1789 vocabant
1804 1724 2130 1805 Aedes,in
2177 1725 2396 1811 quibus

228 1806 487 1873 Notarii
516 1855 537 1888 ‚
578 1807 833 1876 Librarri
864 1858 885 1893 ‚
925 1826 987 1873 et
1034 1809 1373 1876 Prae-cones-
1399 1808 1652 1873 Senatus
1678 1851 1697 1881 ‚
1739 1824 1801 1871 et
1847 1808 2062 1887 Populi
2108 1826 2218 1873 suo
2258 1828 2396 1873 mu-

229 1908 373 1954 nere
416 1888 843 1971 fungebantur.
888 1886 1168 1958 Scholam
1210 1890 1393 1955 etiam
1433 1886 1817 1969 appellabant-
1841 1936 1860 1967 ‚
1909 1889 1969 1951 in
1993 1908 2110 1972 qua
2135 1887 2394 1954 Gladia-

231 1986 408 2060 tores·
437 1970 898 2041 exercebantur.
948 1972 1043 2037 Ita
1086 1994 1155 2039 ex
1200 1972 1457 2055 antiquis
1504 1968 1995 2049 inscriptionibus
2021 2018 2040 2035 .

311 2050 579 2117 smntia
620 2071 858 2133 semper
897 2056 1069 2121 novis
1113 2054 1369 2119 inventis
1414 2050 1612 2131 angeri
1661 2067 1909 2139 potest.
1957 2051 2054 2117 Ita
2095 2052 2233 2120 Sen.
2277 2058 2391 2136 Ep.

234 2134 343 2217 65.
392 2130 549 2224 Vide
589 2132 891 2202 Baconem
934 2158 969 2201 a
1019 2134 1235 2202 Verul.
1276 2138 1349 2200 de
1390 2142 1752 2214 Augmerms
1790 2130 2224 2200 Scientt‘arum.

320 2213 509 2305 sce-110
531 2217 576 2294 ·(
598 2215 691 2281 Τ.
736 2218 1001 2294 Aelius)
1042 2265 1061 2282 .
1150 2215 1313 2284 Vide
1356 2213 1655 2282 Servilius
1771 2233 1892 2280 stea
1921 2261 1941 2282 .

258 2315 263 2320 ·
320 2293 929 2378 δεφὶο,.Αίι·ἱςειυυε
971 2298 1232 2377 Major,
1279 2314 1415 2378 post
1458 2300 1646 2362 victos
1739 2305 1918 2364 oenos
1959 2315 2260 2368 accusatus
2319 2297 2396 2374 ad

239 2377 399 2457 Pop.
442 2397 479 2443 a
522 2375 811 2458 Naevio,
844 2400 1000 2446 nova
1081 2397 1141 2443 et
1182 2377 1461 2458 singulari
1505 2377 1836 2445 defensione
1877 2399 2008 2446 usus
2051 2399 2138 2446 est
2193 2425 2216 2460 ,
2273 2402 2400 2447 non
2469 2437 2480 2450 ,

242 2457 369 2524 sine
410 2457 696 2548 ‘dedecore
736 2459 1123 2528 Accusatoris
1162 2506 1185 2538 ,
1243 2479 1304 2525 et
1362 2478 1578 2550 magna
1635 2459 1894 2552 accusati
1938 2461 2124 2542 gloria
2153 2507 2173 2540 ,
2234 2459 2392 2530 nihil

229 2540 307 2603 ad
346 2539 582 2614 obiecta
624 2541 979 2622 respondens
1012 2543 1177 2609 brevi
1222 2543 1502 2608 Or‘atsone
1543 2560 1644 2608 sua
1674 2587 1696 2608 .
1787 2541 1948 2605 Vide
1993 2541 2264 2611 Naevius
2328 2545 2390 2610 in

236 2619 356 2687 N.
397 2621 565 2686 Cum
608 2623 1183 2703 posteaaTribuno
1206 2623 1289 2705 pl.
1320 2625 1706 2706 importuno,
1747 2640 1807 2687 et
1850 2621 1976 2698 eius
2020 2624 2249 2704 gloriae
2293 2627 2390 2698 inq

242 2701 485 2767 vidente
524 2721 938 2786 accusaretur3
1008 2704 1221 2772 maluit
1266 2704 1492 2771 Literni
1537 2701 1699 2770 exsul
1743 2702 1981 2786 vivere,
2025 2725 2210 2790 quam
2251 2726 2388 2770 cum

238 2781 594 2850 humillimo
634 2785 825 2853 Trib.
867 2785 953 2866 pl.
998 2785 1347 2854 contendere
1383 2785 1456 2850 de
1500 2783 1845 2873 innocentia
1869 2805 1970 2848 sua
2003 2832 2022 2850 .
2075 2787 2167 2863 Ita
2191 2786 2394 2867 Quin·

242 2859 343 2929 til.
394 2864 442 2930 1.
494 2886 591 2932 11.
630 2889 684 2931 c.
735 2889 789 2936 1.
835 2865 1045 2935 Multa
1092 2865 1167 2931 de
1210 2886 1325 2946 eo,
1368 2884 1430 2930 et
1461 2885 1588 2940 erus
1625 2862 1969 2945 frugalitate
2012 2865 2229 2932 Seneca
2277 2873 2389 2949 Ep.

242 2947 354 3023 87.
394 2947 607 3028 scripta
654 2949 714 3015 in
766 2946 938 3016 Villa
979 2947 1313 3031 Scipionis.
1397 2943 1578 3012 Alter
1620 2966 1687 3014 ex
1747 2942 2118 3022 Scipionibus
2177 2945 2392 3028 Magi-

238 3042 493 3092 stratum
536 3029 775 3110 petebat
854 3050 963 3095 una
1025 3051 1163 3095 cum
1222 3027 1621 3109 competitore
1693 3024 1953 3092 Metello
1997 3075 2016 3094 .
2100 3025 2266 3095 Cum
2305 3029 2391 3094 ·is

236 3105 639 3190 gloriaretur,
679 3109 839 3196 quod
884 3108 1297 3192 suffragatores
1339 3109 1696 3192 innumeros.
1721 3127 1792 3171 ex
1835 3105 2008 3188 plebe
2048 3129 2220 3174 notos
2281 3109 2390 3174 ha-

234 3189 445 3270 beret,
486 3206 543 3253 et
586 3212 795 3257 eorum
838 3192 1083 3256 nomina
1130 3187 1477 3256 memoriter
1519 3205 1786 3264 teneret,
1853 3209 1974 3272 quo
2038 3208 2230 3269 posset
2291 3211 2392 3260 eos

238 3269 363 3336 suis
406 3270 751 3339 nominibus
784 3271 1043 3340 salutare
1068 3317 1092 3351 ,
1151 3289 1212 3336 et
1272 3269 1389 3338 hoc
1451 3271 1582 3354 ipso
1623 3271 1940 3336 benevolos
1981 3270 2088 3338 sibi
2156 3271 2391 3339 reddere

239 3350 317 3414 ad
360 3347 637 3433 suffragia
664 3377 705 3432 ς·
732 3352 1031 3436 respondit
1072 3348 1310 3436 Scipio,
1370 3371 1455 3418 se·
1498 3349 1688 3432 magis
1747 3369 1977 3417 curasse
2021 3399 2044 3434 ,
2100 3371 2169 3420 ut
2209 3349 2386 3420 factis

239 3430 363 3525 suis
406 3433 723 3512 praeclaris
762 3453 933 3500 notus
974 3433 1201 3517 populo
1241 3451 1435 3524 esset,
1474 3454 1656 3523 quam
1703 3433 2012 3514 populares
2038 3482 2057 3512 ‚
2116 3455 2218 3500 seu
2261 3435 2388 3517 ple-

239 3513 409 3591 beios
452 3533 798 3595 agnoscere.
838 3513 1163 3582 Africanus
1203 3513 1424 3594 Major
1462 3515 1656 3581 adhuc
1703 3515 2108 3582 Praetextatus
2167 3514 2386 3583 libera-

238 3595 333 3658 vit
376 3595 619 3662 Patrem
640 3603 813 3662 Corn.
844 3594 1168 3680 Scipionem
1188 3644 1209 3675 ‚
1253 3593 1580 3664 Consulem
1603 3643 1621 3674 ‚
1653 3618 1688 3660 a
1735 3597 2074 3662 Poenorum
2095 3596 2392 3680 manibus,

240 3691 305 3739 et
324 3692 557 3757 morte,
602 3678 661 3742 in
708 3678 936 3760 praelio
974 3702 1111 3746 cum
1156 3675 1497 3744 Hannibale
1534 3677 1612 3744 ad
1634 3677 1932 3746 Ticinum
1975 3677 2238 3759 flumen,
2265 3697 2389 3762 quo

244 3756 489 3850 prael-io·
516 3759 745 3826 saucius
784 3760 972 3825 evasit
1018 3779 1189 3842 pater
1224 3807 1243 3826 .
1378 3811 1385 3820 .
1599 3800 1604 3808 ·
2359 3801 2364 3806 ·

320 3847 521 3924 supro
538 3886 563 3923 ,
609 3839 840 3910 Nasica
879 3841 1068 3913 dictus
1104 3889 1131 3927 ,
1184 3839 1485 3926 repulsam
1545 3859 1750 3928 passus
1808 3855 1900 3932 est
1961 3839 2024 3924 in
2063 3841 2386 3920 Praeturae
