2985 4387
2203 290 2327 369 263

272 386 543 461 urcensis
585 386 833 459 Eusebii
858 430 881 467 ‚
920 386 1019 455 sed
1059 386 1236 456 denas
1274 384 1462 456 ferme
1499 385 1927 458 oratiunculas
1966 384 2074 456 SS.
2113 390 2246 459 Gre
2286 390 2404 459 orii

276 472 687 553 nazianzeni,
725 490 786 537 et
830 469 1047 538 Basilii
1088 488 1163 537 ex
1204 471 1443 542 Graeco
1484 470 1728 539 Latinas
1769 467 1908 539 fecit
1932 520 1950 539 .
2000 472 2098 538 Ita
2128 470 2232 540 Ru
2301 492 2405 540 nus

280 559 411 636 ipse
450 554 613 621 Hirr.
655 554 879 620 Eccles.
922 556 967 619 l.
1008 566 1043 619 ‘i
1058 574 1115 619 1.
1155 570 1206 620 e.
1246 572 1308 634 9.
1350 553 1453 621 De
1492 550 1896 622 simultatibus
1954 554 2082 631 eius
2148 576 2302 647 cum·
2327 556 2415 624 D.

278 640 653 717 Hieronymo
675 680 700 713 ,
732 652 795 700 et
838 632 972 727 aliis
1012 636 1086 700 ad
1123 654 1261 701 eum
1302 636 1741 719 spectantibus,
1781 635 1913 703 vide
1951 635 2012 704 in
2044 644 2416 720 specimine,

273 738 339 789 >et
382 718 563 787 verbo
602 724 968 784 Anastasius
1002 736 1179 800 cupra
1202 764 1223 787 .
1811 764 1822 773 .

1279 877 1359 948 In
1414 881 1459 949 S

358 1038 687 1115 Salvianus
732 1040 1067 1125 Episcopus
1108 1042 1413 1125 Hispanus
1432 1090 1455 1125 ,
1499 1040 1863 1112 priscilliani
1905 1062 2135 1112 errores
2175 1058 2422 1127 promo-

284 1146 471 1275 vgns,
510 1124 821 1192 damnatus
860 1123 1016 1207 fuit,
1056 1123 1199 1197 licet
1238 1127 1489 1209 absens,
1533 1128 1590 1195 in
1632 1123 1874 1216 Concil.
1919 1126 2282 1211 caesaraug,
2319 1150 2422 1197 an.

378 1228 433 1278 1·

287 1228 321 1291 3
366 1296 709 1353 Sozomenus
737 1329 760 1363 ,
798 1287 1077 1355 Gazaeus
1118 1334 1140 1367 ‚
1204 1288 1527 1357 Sozomeni
1586 1286 1877 1363 Historici
1938 1310 2084 1354 auus
2146 1310 2222 1361 ex
2263 1306 2438 1373 patre

288 1368 556 1437 Ethnico
596 1368 975 1457 Christianus
1018 1368 1204 1438 sactus
1242 1394 1380 1439 cum
1423 1389 1551 1439 tota
1595 1370 1786 1441 dornox
1817 1368 1929 1436 sub
1975 1369 2224 1447 Juliano
2265 1374 2444 1455 Apo-

286 1469 445 1517 stata
503 1471 622 1516 una
686 1472 822 1517 cum
872 1450 1241 1534 Alapbionis
1278 1452 1506 1519 familia
1595 1470 1774 1530 opera
1819 1452 1887 1518 S.
1929 1450 2432 1538 HilarioniS,qui

280 1552 324 1596 -a
368 1534 685 1625 Daemone
726 1531 1141 1613 Alaphionem
1185 1532 1463 1601 liberavit
1507 1504 1740 1624 Christi·
1802 1534 2049 1625 nomine
2110 1533 2390 1601 invocato
2426 1581 2445 1602 .

291 1612 527 1681 Ploruit
568 1614 889 1679 Sozomeni
931 1634 1077 1682 avus
1124 1616 1189 1680 in
1230 1616 1606 1697 expositione
1637 1662 1659 1695 ,
1703 1630 1766 1679 et
1813 1618 2294 1697 interpretatione
2333 1616 2445 1681 Sa·
2531 1672 2540 1681 .

292 1715 531 1762 eratum
576 1694 1015 1773 scripturarum
1042 1743 1062 1763 .
1106 1696 1263 1762 Erat
1300 1698 1461 1763 enim
1505 1693 1881 1775 ingeniosus,
1923 1712 1982 1760 et
2010 1695 2252 1769 scientia
2273 1717 2447 1778 prae-

292 1776 495 1856 ditus,
553 1796 623 1841 ac
666 1773 833 1841 utilis
882 1776 1291 1873 Ascalonitis²
1331 1796 1391 1843 et
1432 1776 1810 1848 Gazensibus
1855 1776 1932 1842 ad
1992 1777 2268 1844 solvenda
2341 1779 2450 1845 du·

296 1858 393 1923 bia
435 1860 589 1923 circa
632 1856 845 1923 Sacrae
890 1858 1233 1940 scripturae
1272 1858 1733 1944 intelligentiam
1758 1905 1776 1939 ‚
1818 1874 1880 1924 et
1927 1858 2145 1926 idcirco
2187 1859 2360 1925 valde
2379 1858 2454 1927 il·

281 1936 371 2010 ‘lis
395 1986 417 2022 ,
456 1957 514 2003 et
556 1938 767 2006 vicinis
810 1936 1177 2007 Christianis
1219 1958 1465 2027 gratus3
1509 1962 1631 2032 nec·
1655 1939 2100 2031 Arithmeticae
2137 1944 2341 2032 expers
2383 1960 2449 2005 e·

296 2036 392 2087 rat
419 2066 440 2088 .
484 2018 585 2087 Ita
628 2020 999 2089 Sozomenus
1038 2042 1219 2107 nepos
1258 2042 1389 2107 cap.
1434 2028 1537 2093 28.
1579 2019 1696 2090 lib.
1733 2030 1794 2092 6.
1833 2026 2000 2091 Hm.
2041 2020 2440 2105 Triparti‘taee.

1212 2184 1478 2288 ,inT

383 2339 772 2440 OEJheotlmus,
813 2341 1260 2430 Philosophus,
1302 2347 1750 2429 Tomitarum‚
1817 2363 1880 2416 et
1920 2346 2192 2429 Scytieae
2258 2346 2449 2430 gentis

308 2425 694 2508 Episcopus.
774 2426 1047 2494 Barbari·
1094 2448 1253 2496 trans
1312 2429 1594 2502 Histrum
1651 2432 1878 2498 flumen
1920 2430 2257 2498 habitantes
2315 2451 2457 2497 eum

307 2507 733 2604 Romanorum
780 2511 1003 2605 Deum·
1022 2509 1415 2594 appellabant
1456 2513 1548 2597 ob=
1581 2513 1918 2605 miracula,
1949 2528 1964 2551 ⁴·
1981 2533 2137 2608 quae
2179 2513 2459 2595 patrabat

309 2607 647 2668 imperante
690 2590 1047 2660 Theodosio
1069 2639 1092 2660 .
1134 2593 1233 2660 Ita
1274 2593 1642 2662 Sozomeiius
1685 2595 1745 2660 in
1785 2601 2057 2660 Historia
2095 2615 2196 2660 sua
2221 2637 2242 2658 .

395 2669 677 2756 Troilus,
718 2673 1000 2757 Sophista
1046 2718 1071 2754 ,
1135 2692 1265 2741 erat
1333 2699 1369 2742 a
1408 2673 1668 2743 consiliis
1714 2675 2034 2742 Anthemii
2085 2720 2108 2757 ,
2177 2670 2464 2740 Praefecti

314 2753 628 2846 Orien-tis,
668 2773 731 2820 et
776 2755 1073 2838 praecipui
1114 2757 1480 2823 Administri
1527 2756 1866 2823 Theodosii
1910 2755 2172 2835 Junioris
2217 2753 2470 2848 inpue·
2542 2799 2546 2802 -

318 2836 419 2902 rili
460 2855 589 2913 eius
630 2853 827 2902 aetate
902 2837 1233 2918 imperante
1274 2837 1565 2904 Honorio
1607 2837 1668 2902 in
1711 2835 2077 2902 Occidente.
2118 2836 2319 2902 Troilo
2339 2851 2468 2899 ma·

312 2920 473 2985 xime
511 2936 575 2982 se
612 2917 889 2984 credebat
941 2916 1352 3008 ‚Anthemiuzn
1398 2917 1520 2982 Vir
1556 2918 1925 2984 doctissimus
1955 2964 1975 2997 ,
2033 2935 2094 2986 et
2136 2915 2469 3009 prudentis3

319 3001 543 3066 simus.
628 2997 769 3065 Fuit
814 2998 1059 3064 Troilus
1102 2998 1161 3064 in
1206 2995 1484 3064 oratoria
1529 2999 1831 3080 Magister
1869 2999 2128 3066 Socratis
2175 2996 2468 3066 Histotici

319 3077 859 3169 Constantinopoli
938 3077 1225 3146 Honorio
1266 3081 1640 3162 imperante.
2131 3151 2138 3156 ,

405 3155 795 3241 Tryphemus
821 3194 858 3240 ι,
928 3159 1164 3227 Berithi
1246 3161 1490 3228 celebris
1535 3161 1693 3242 Juris
1753 3159 2053 3244 Interpres
2076 3210 2098 3244 ,
2155 3175 2220 3228 et
2319 3153 2475 3226 abli-

323 3237 819 3335 cus·Professor,
868 3259 1070 3336 postea
1114 3243 1426 3310 Ladrensis
1468 3244 1526 3307 in
1569 3241 1788 3326 Cypro
1833 3241 2166 3327 Episcopus
2191 3287 2213 3320 ,
2257 3179 2370 3311 ii'ait
2409 3260 2478 3305 o-

324 3341 561 3390 mnium
620 3341 760 3386 suae
827 3339 1040 3388 aetatis
1098 3322 1662 3410 eloquentissimus,
1724 3342 1874 3390 teste
1930 3327 1992 3393 S.
2038 3325 2420 3406 Hieronymo
2457 3367 2479 3388 .

327 3398 554 3471 Adfuit
598 3403 911 3468 Nicaenae
950 3405 1231 3486 Synodo,
1276 3406 1335 3470 in
1424 3427 1496 3472 ua
1542 3404 1920 3486 reprehensus
1985 3406 2098 3473 fuit
2133 3427 2198 3476 .a
2240 3406 2302 3473 S.
2343 3402 2482 3496 Spi·
2537 3477 2542 3482 ,

328 3485 558 3551 ridione
600 3484 1001 3576 Trimituntis
1040 3487 1099 3552 iu
1138 3485 1359 3569 Cypro
1467 3485 1752 3570 piscopo‚
1797 3488 2264 3566 miraculorum,
2288 3502 2348 3552 et
2386 3503 2482 3550 vi-

331 3583 434 3633 tae
472 3566 804 3632 sanctitatis
844 3565 1035 3646 gloria
1080 3569 1436 3648 notissimo,
1480 3589 1554 3633 eo
1595 3571 1754 3651 quod
1796 3570 1986 3636 citans
2011 3569 2322 3650 Evangelii
2352 3585 2484 3630 ver-

332 3646 413 3715 ba
454 3645 555 3712 illa
598 3668 634 3713 a
671 3645 925 3716 Christo
971 3647 1246 3728 prolata:
1292 3651 1467 3715 Tolle
1547 3648 1828 3716 tabacum
1872 3668 2082 3731 tuum,
2123 3666 2183 3714 er
2201 3647 2486 3728 ambula,

338 3727 692 3811 elegantiori
742 3729 1039 3797 vocabulo
1080 3753 1253 3800 ausus
1292 3727 1473 3798 fuerit
1543 3730 1806 3799 ectulum
1864 3734 2228 3813 aegrotantis
2281 3725 2488 3810 appel-

340 3807 507 3882 lare.
548 3811 712 3882 Eum
755 3810 1149 3898 interrogavit
1188 3813 1254 3884 S.
1295 3812 1598 3900 Spiridion
1621 3835 1758 3964 ,Rari
1805 3813 2018 3884 melius
2059 3815 2232 3882 sciret
2291 3829 2520 3876 rerum-
