2985 4387
283 373 470 464 ticeps
507 394 620 446 etc.
661 399 732 446 ai:
775 377 982 461 paullo
1023 389 1160 460 post
1200 377 1262 446 in
1301 375 1515 444 eodem
1554 369 1819 460 Capite.-
1876 383 1950 444 In
2020 374 2040 393 ‘
2076 374 2168 446 sis
2220 398 2428 456 autem

279 459 656 546 salutiferae·
682 458 1066 543 festivitatis
1131 456 1344 526 diebus
1379 457 1703 543 (loquitur
1764 459 1839 526 de
1878 461 2025 526 Pasc
2068 462 2156 529 ali
2215 461 2417 544 festo)
2512 513 2521 521 -

277 541 643 626 disciplinae
662 591 682 622 ,
728 561 909 636 atque
947 538 1425 608 exercitationum
1487 539 1772 632 vigorem·
1795 539 2099 610 intendens
2124 588 2147 623 ,
2180 541 2421 618 cunctis

275 623 530 706 corporis
550 671 570 706 ,
611 644 670 689 et
709 622 910 690 animi
949 621 1204 692 viribus.
1227 619 1492 688 collectis
1509 669 1529 704 ,
1594 619 1913 704 Pontifici:
1930 668 1950 704 ,
1992 642 2171 718 atquc
2210 623 2419 694 Hiero-

264 703 535 792 phantae
573 729 811 772 munere
846 703 1221 788 fungebatur
1236 750 1256 772 .
1304 709 1381 770 Et
1424 699 1552 787 ipse
1590 701 1834 788 quidem
1874 724 2118 774 caeteris
2136 706 2421 790 praeibat

271 787 360 854 ad
393 783 546 872 sesti
584 787 1068 854 celebrationem.
1131 788 1204 854 In
1251 785 1450 853 altera,
1485 805 1558 880 ex
1602 785 1969 879 versionibus
2032 790 2243 856 latinia
2285 790 2416 858 Eu·

268 872 416 936 sebii'
439 893 444 899 ·
465 869 683 950 legitur
717 893 850 936 cum
888 865 1141 936 caeteris
1169 883 1588 959 pernoctavit.
1640 875 1872 951 Rapite
1930 886 2133 938 autem
2164 891 2418 953 praeee-

269 953 432 1018 denti
481 952 830 1032 scripserati
901 952 1020 1017 Ille
1079 947 1144 1015 in
1188 953 1438 1037 palatio
1496 948 1800 1042 quandam
1844 947 2046 1018 veluti
2087 948 2417 1020 Ecclesiam

279 1029 629 1100 constituit.
672 1044 763 1099 Aa
803 1029 1134 1116 diligentia
1174 1031 1416 1115 quidem
1437 1078 1457 1113 ,
1499 1049 1560 1095 et
1598 1031 1921 1098 alacritate
1953 1031 2236 1117 praeibat
2262 1057 2413 1101 cuno.

270 1109 391 1182 ctis
410 1161 430 1194 ,
473 1111 581 1197 qui
623 1109 688 1179 in
727 1115 974 1181 eandem
1018 1114 1346 1181 Ecclesiam
1387 1129 1557 1180 erant
1598 1110 1943 1196 adscripti.
2002 1123 2213 1182 Postea
2250 1117 2411 1182 sole.

272 1216 439 1261 mnes
489 1215 692 1279 preces
749 1221 878 1262 cum
921 1195 1194 1267 universo
1235 1194 1585 1265 Aulia-orum
1624 1211 1791 1261 coetu
1826 1193 2125 1262 recitabat
2162 1243 2183 1262 .
2242 1195 2411 1265 Item

185 1327 192 1335 .
264 1277 330 1342 in
377 1277 660 1344 Concilio
704 1277 977 1346 Nicaeiio
1034 1279 1324 1360 hymnum
1389 1278 1717 1358 gratiarum
1776 1279 2033 1352 actionis
2068 1277 2413 1346 'recitatum

267 1379 306 1422 a
351 1359 628 1425 Patribus
669 1377 1013 1452 praesente²
1057 1379 1116 1424 et
1161 1377 1577 1440 comprecer-ite
1618 1357 2090 1427 Constantium·
2136 1358 2234 1426 Ita
2280 1359 2416 1428 Eue

263 1439 458 1505 sebius
496 1437 668 1505 Vitae
693 1438 1077 1507 Constantini
1119 1435 1228 1510 lib.
1255 1462 1313 1524 3.
1355 1462 1408 1507 c.
1439 1463 1462 1506 1
1481 1463 1533 1506 i.
1578 1437 1739 1506 Vide
1772 1448 1963 1508 Serm.
2002 1437 2415 1524 Pmsphoneei.
2493 1464 2497 1468 ·

265 1525 397 1585 cum'
443 1516 826 1590 Constantini
871 1523 1028 1605 apud
1068 1521 1380 1590 Gelasium
1423 1520 1849 1604 Cyzicenum,
1910 1522 2012 1593 ubi
2065 1524 2193 1606 ipse
2233 1521 2411 1592 Con·

265 1603 560 1670 stantinus
605 1605 660 1668 id
707 1622 995 1672 testatore
1636 1633 1643 1640 ·
2119 1656 2125 1663 -
2400 1647 2405 1653 -

352 1681 411 1764 §.
431 1703 491 1768 9.
541 1684 710 1750 Idem
755 1683 1044 1752 Eusebius
1089 1702 1333 1764 narrat,
1374 1700 1518 1752 ante
1556 1701 1899 1765 susceptum
1944 1675 2257 1768 Baptisma
2279 1682 2413 1753 He,

264 1761 530 1848 lenopoli
583 1766 965 1844 permansisse
1003 1766 1128 1832 dies
1169 1765 1448 1851 aliquot,
1491 1782 1551 1830 et
1597 1767 1655 1831 in
1698 1767 2039 1848 martyrio,
2104 1785 2211 1832 seu
2252 1783 2410 1836 tem⁴

309 1847 372 1913 lo
394 1845 688 1927 supplices
717 1867 912 1928 preces
934 1868 1004 1912 ac
1033 1865 1172 1913 vota
1197 1848 1342 1914 Deo
1381 1845 1715 1928 obtulisse,
1758 1864 1817 1912 et
1839 1864 2079 1930 peccata
2126 1867 2233 1912 sua
2279 1845 2409 1919 illie

261 1867 574 1994 bumilitet
609 1927 936 1996 consessum
999 1925 1176 1994 fuisse
1214 1971 1235 1996 .
1298 1925 1571 1994 Caecum
1610 1948 1765 1994 vero
1819 1949 1947 1995 esse
2004 1944 2246 2012 oportet
2288 1927 2405 2013 qui

258 2031 384 2076 tion
431 2009 671 2090 videat,
713 2008 860 2076 haec
897 2010 1102 2078 omnia
1145 2005 1452 2076 conserens
1491 2031 1629 2076 cum
1671 2010 1747 2076 iis
1772 2051 1795 2086 ,
1835 2029 1993 2094 quae
2034 2027 2240 2076 narrat
2265 2054 2288 2088 ,
2330 2026 2405 2078 ut

259 2091 420 2156 dicta
447 2136 468 2170 ,
529 2113 668 2156 cum
727 2110 867 2157 ante
897 2139 918 2173 ,
977 2109 1108 2157 tuin
1179 2108 1318 2174 post
1378 2109 1715 2172 susceptum
1756 2089 2073 2175 Baptisma
2138 2111 2190 2185 a·
2220 2089 2405 2160 Con..

261 2171 528 2238 staniino
552 2220 572 2252 ,
615 2171 946 2245 Eusebium
1005 2171 1742 2251 sibimet-contradicere,
1782 2191 1845 2239 et
1894 2174 2190 2243 mendacii
2217 2193 2400 2243 reum

259 2253 728 2320 Constantinum
771 2255 980 2335 egisse.
1043 2254 1145 2321 Ne
1191 2276 1266 2321 ue
1307 2252 1501 2320 solum
1546 2255 1611 2323 in
1653 2252 1749 2321 bis
1788 2277 1985 2322 secum
2031 2272 2399 2338 pugnantem

259 2336 682 2405 animadverto
723 2332 1046 2402 Eusebium
1073 2382 1093 2400 .
1147 2396 1152 2401 ,
1272 2334 1410 2401 Vita
1455 2330 1842 2404 Constantini
1880 2334 2206 2431 affirmat-2
2264 2334 2399 2419 pri-

257 2436 426 2482 mum
499 2417 766 2481 omnium
830 2414 1323 2496 Imperatorum,
1384 2418 1486 2501 qui
1530 2414 1945 2484 Christianam
1988 2416 2397 2499 Religionem

257 2495 566 2578 amplexus
611 2495 828 2591 inei-it²
865 2517 925 2563 et
947 2498 1268 2581 Baptismo
1308 2500 1628 2580 initiatus,
1676 2498 2149 2569 Constantinum
2173 2497 2399 2580 fuisse,

255 2595 316 2643 et
358 2570 468 2644 lib.
493 2583 557 2645 6.
597 2576 900 2644 Historiae
937 2574 1390 2647 Ecclesiasticae
1429 2600 1562 2666 cap.
1590 2600 1692 2677 34·-
1736 2580 2061 2647 tradiderat
2088 2622 2111 2660 ,
2154 2578 2399 2662 Philip.

254 2678 400 2741 pum
441 2660 718 2727 *Atimem
764 2660 952 2728 R‘om.
984 2659 1423 2744 Imperatorem
1452 2708 1475 2742 ,
1519 2681 1624 2747 qui
1662 2660 1871 2729 multo
1907 2680 2049 2729 ante
2090 2661 2397 2739 Constan-

253 2742 452 2818 tinum
493 2743 862 2823 imperavit,
902 2742 1324 2811 Christianum
1369 2743 1592 2824 fuisse,
1634 2761 1696 2807 et
1734 2744 1815 2809 ab
1858 2742 2168 2825 Episcopo
2208 2744 2237 2818 (
2258 2742 2395 2807 Rue

253 2844 440 2918 mano
480 2842 694 2917 nempe
717 2870 757 2917 ,·
783 2842 848 2890 ut
889 2825 1236 2905 arbitron)
1273 2842 1521 2919 propter
1561 2824 1766 2917 gra-via
1810 2840 2051 2917 patrata
2094 2842 2231 2914 post
2266 2823 2397 2891 Bae

252 2923 544 2985 piismum
587 2924 883 2983 crimina,
947 2926 981 2967 a
1043 2922 1468 2987 mysteriorum
1530 2922 2001 2989 participatione
2054 2919 2395 2985 reiectum,

252 2986 328 3049 ad
387 2984 826 3050 Poenitentium
884 2984 1134 3057 classem
1197 2985 1501 3053 redactum
1557 2980 1734 3050 fuisse
1776 3032 1797 3067 ,
1856 3002 1918 3051 et
1976 3002 2219 3068 peccata
2280 3006 2391 3053 sua

251 3058 468 3131 humili
512 3058 874 3143 consessione
913 3068 1214 3147 expiasse.
1261 3068 1361 3133 Ex
1404 3087 1529 3150 quo
1564 3065 1945 3134 ‚verissimum
1970 3084 2219 3150 apparet
2254 3066 2391 3133 vul-u

253 3164 461 3226 gaium
505 3144 730 3211 dictum
759 3166 779 3210 i
826 3152 1102 3229 oportere
1140 3146 1478 3213 mendacem
1518 3169 1823 3214 memorem
1865 3170 1989 3217 esse
2012 3192 2035 3217 .
2076 3147 2191 3216 Sed
2236 3143 2390 3218 haee

248 3225 420 3321 parvi
463 3227 796 3308 momenti,
859 3229 1074 3314 quibus
1135 3229 1476 3298 mendacem
1545 3228 1875 3299 Eusebium
1900 3230 2387 3298 caesareensem

251 3326 314 3373 in
353 3304 520 3372 hisce
558 3310 863 3403 narrandis
902 3310 1269 3392 suspicemur
1289 3354 1312 3391 ,
1349 3330 1410 3378 et
1449 3311 1525 3377 ad
1566 3312 1797 3389 maiora
1834 3312 2186 3392 veniamus,
2226 3330 2385 3409 quae

245 3386 454 3472 palam
497 3385 756 3468 faciunt,
817 3389 973 3458 haud
1034 3392 1340 3460 immerito
1381 3410 1581 3462 utrum
1632 3414 1707 3461 ue
1748 3391 2082 3461 Eusebium
2143 3392 2205 3459 in
2248 3392 2325 3461 iis
2356 3424 2387 3475 i

247 3488 408 3557 quae
446 3490 581 3535 suae
619 3470 826 3551 Seciae
869 3470 1068 3539 favere
1106 3490 1396 3558 possunt,
1437 3496 1571 3543 men
1612 3473 1729 3543 acii
1768 3476 2075 3542 accusari.
2360 3506 2375 3531 ι

331 3548 392 3633 §.
427 3571 520 3618 ιο.
563 3550 700 3630 Jam
745 3572 886 3621 vero
944 3577 1082 3623 cum
1143 3554 1204 3621 in
1251 3555 1605 3623 memoriam
1648 3577 1871 3623 revoco
1930 3553 2207 3639 strophas
2226 3603 2250 3637 ,
2315 3568 2379 3623 et

247 3650 483 3698 atroces
526 3632 896 3716 calumnias,
957 3636 1176 3723 quibus
1213 3636 1593 3716 Arianorum
1655 3637 1757 3703 isti
1802 3634 1937 3707 Cor
1984 3638 2157 3719 pbaei
2215 3634 2379 3721 apud

251 3713 724 3782 Constantinum
769 3714 876 3785 M.
917 3735 982 3783 et
1019 3736 1225 3803 postea
1273 3720 1430 3800 apud
1455 3718 1887 3793 Constantium
1974 3720 2163 3800 lium,
2205 3738 2377 3815 reum
2470 3776 2473 3779 .

246 3810 500 3879 ,egerunt
532 3793 1090 3883 S..Athanasiiiin-,
1137 3814 1202 3869 et
1239 3800 1454 3903 Quibus
1496 3800 1939 3893 impetrarim,
1998 3818 2065 3873 iit
2098 3800 2378 3947 ⁸³,an
2486 3848 2491 3855 -
