2985 4387
647 387 997 460 Artabanus
1072 431 1095 464 ,
1181 381 1543 454 Parthorum
1604 409 1705 453 rex
1742 433 1764 468 ,
1832 382 2126 472 Epistolt’s
2178 385 2302 455 suis
2358 384 2719 463 maledicen-

563 473 650 539 tia
695 471 890 552 plenis
933 469 1004 534 ad
1047 465 1368 542 Tiberium
1415 468 1764 537 Romanum
1807 465 2237 552 Imperatorem
2264 515 2286 548 ,
2337 469 2716 551 vituperabat

565 553 707 634 ejus
748 554 986 622 caedes,
1028 567 1087 614 et
1132 550 1434 631 parricidia
1471 598 1489 628 ,
1532 549 1831 630 ignaviam
1872 597 1895 633 ,
1938 571 1997 618 et
2041 549 2337 617 luxuriam
2376 551 2559 617 etiam
2602 571 2717 618 no-

561 650 696 699 tans
751 680 771 699 .
846 631 1089 698 Eisdem
1155 629 1482 709 Tiberium
1528 630 1808 696 monebat
1842 679 1862 710 ,
1903 650 1965 697 et
2006 632 2059 698 ei
2106 631 2432 713 suadebat,
2494 651 2558 698 ut
2605 653 2718 700 vo-

567 712 829 782 luntaria
879 731 1074 780 morte
1115 711 1364 779 Civium
1410 712 1831 802 Romanorum
1868 713 2052 791 odio,
2107 732 2167 779 et
2212 713 2364 779 votis
2410 709 2717 780 satisface-

563 814 653 860 ret
684 844 700 860 .
751 794 886 862 Hae
927 797 1310 875 gravissimae
1445 793 1694 873 treolae,
1738 791 1904 868 cuius
1970 794 2238 860 meminit
2283 793 2599 858 Suetonius
2649 793 2713 861 in

565 873 806 942 Tiberio
837 923 857 951 ,
901 875 1350 968 desiderantur.
1398 811 1492 942 ἐκ
1538 875 1657 941 illis
1702 875 2063 953 dignoscitur
2110 925 2131 956 ,
2200 892 2417 958 quanta
2463 872 2713 942 infamia

563 953 864 1026 laboraret
913 957 1247 1035 Tiberius,
1287 958 1470 1020 etiam
1510 957 1665 1038 apud
1714 957 1988 1020 barbaros
2036 956 2328 1039 populos.

643 1039 746 1106 SS.
791 1035 1101 1104 arthemia
1125 1086 1145 1117 ,
1185 1057 1245 1112 et
1285 1035 1543 1103 atthica
1584 1036 1745 1102 filiae
1786 1039 1849 1104 8.
1894 1036 2196 1106 Gallicani
2246 1035 2590 1119 Martyris,
2630 1034 2709 1103 de

562 1140 687 1206 quo
731 1121 790 1184 in
835 1119 897 1186 G
927 1169 944 1198 ‚
991 1121 1074 1184 ita
1117 1118 1458 1192 liberalibus
1502 1119 1713 1184 studiis
1756 1119 2019 1187 eruditae
2056 1118 2405 1197 fuerunt,ut
2449 1120 2545 1184 vix
2586 1116 2710 1200 illis

563 1221 674 1286 par
713 1201 951 1266 scientia
1004 1201 1156 1266 inter
1219 1201 1375 1266 viros
1434 1199 1721 1280 sapientes
1766 1200 2007 1266 inveniri
2074 1199 2357 1280 potuisset
2394 1247 2415 1268 .
2499 1199 2596 1268 Ita
2642 1199 2708 1266 in

561 1280 741 1350 Actis
785 1289 884 1347 55.
913 1278 1200 1364 Joaenm's,
1239 1298 1298 1344 et
1339 1277 1553 1348 Paulli
1578 1279 1953 1362 Martyrum,
1995 1303 2029 1346 a
2074 1282 2457 1351 Terentiano
2474 1301 2703 1347 coaevo

563 1363 910 1440 Scriptore,
953 1381 1020 1426 ut
1061 1363 1356 1453 creditur,
1399 1362 1635 1442 scriptis
1665 1405 1685 1439 ‚
1726 1362 2071 1428 etadductis
2111 1363 2189 1428 ab
2213 1361 2591 1436 Henschenio
2632 1362 2699 1428 in

565 1441 742 1508 Actis
784 1452 823 1508 5
830 1449 882 1510 5.
927 1442 1238 1508 Februarii
1280 1467 1352 1509 ex
1397 1445 1627 1510 Codice
1676 1443 1943 1524 Reginae
1982 1443 2367 1511 christinae.
2398 1441 2707 1520 Praefatae

564 1523 852 1607 Virgines
897 1547 928 1586 a
973 1525 1036 1594 S.
1061 1525 1432 1593 Constantia
1457 1563 1488 1605 ,·
1520 1525 1899 1592 Constantini
1944 1523 2049 1592 M.
2070 1524 2195 1594 filia
2234 1567 2256 1602 ,
2308 1523 2399 1590 cui
2446 1520 2709 1589 famula-

565 1604 779 1673 bantur
819 1649 838 1680 ,
879 1604 951 1670 ad
996 1606 1166 1672 fidem
1212 1627 1472 1686 tractae,
1514 1626 1573 1673 et
1594 1605 1874 1673 educatae
1916 1603 2144 1674 fuerunt
2187 1605 2467 1671 institutis
2508 1603 2703 1672 Chri-

565 1689 792 1754 stianae
833 1685 1170 1770 Religionis
1199 1736 1220 1770 ,
1279 1708 1340 1754 et
1382 1709 1495 1754 una
1563 1711 1699 1756 cum
1741 1687 1803 1754 8.
1848 1686 2217 1755 Constantia
2286 1687 2697 1766 virginitatem

565 1767 859 1850 professae
901 1766 1134 1835 fuerunt
1161 1817 1180 1837 .
1265 1769 1497 1838 Earum
1543 1769 1721 1834 Pater
1762 1767 2153 1836 Christianus
2192 1766 2379 1834 factus
2424 1765 2583 1842 fuit,
2628 1788 2707 1832 o·

562 1871 704 1932 pera
759 1849 865 1916 SS.
905 1851 1152 1930 Joannis
1188 1897 1211 1928 ‚
1272 1871 1331 1916 et
1378 1849 1630 1932 Paulli,
1668 1849 1745 1918 ad
1784 1872 1921 1920 eum
1978 1851 2297 1919 missorum
2340 1869 2389 1918 a.
2421 1848 2488 1919 8.
2528 1846 2709 1918 cen-

567 1931 786 2000 stantia
814 1979 834 2012 ,
878 1931 973 1999 cui
1014 1930 1456 2000 famulabantur
1481 1979 1503 2002 .

1543 2051 1697 2122 Α8

646 2169 928 2243 Arcesius
955 2222 976 2257 ,
1019 2172 1357 2258 Episcopus
1379 2219 1398 2255 ,
1438 2175 1707 2245 doctrina
1730 2224 1751 2261 ,
1791 2193 1853 2243 et
1900 2173 2105 2259 rigidis
2122 2173 2243 2245 suis
2262 2172 2527 2245 moribus
2566 2171 2709 2241 No·

567 2256 946 2329 vatianorum
992 2255 1393 2340 Coryphaeus
1437 2258 1711 2327 habitus.
1780 2260 1943 2341 Cum
1986 2282 2017 2323 a
2065 2259 2471 2327 Constantino
2508 2258 2712 2323 suavi-

563 2350 660 2403 ter
707 2338 1084 2420 admonitus,
1126 2340 1206 2406 ab
1247 2339 1577 2408 Schismate
1618 2340 1874 2408 recedere
1914 2339 2100 2407 nollet
2138 2364 2159 2423 3
2200 2339 2428 2405 audivit
2470 2359 2505 2403 a
2535 2337 2709 2404 Con,-

561 2418 832 2485 stantino
907 2440 1043 2485 eum
1103 2420 1444 2487 dimittente
1483 2422 1711 2489 dictum
1774 2422 1922 2491 iliud
1962 2444 1981 2487 t
2050 2417 2298 2503 Arcesi,
2340 2416 2539 2501 accipe
2575 2442 2711 2485 sco-

561 2500 690 2568 lam
719 2548 738 2580 ,
782 2519 840 2566 et
882 2500 965 2566 ad
1001 2502 1252 2569 Caelum
1292 2504 1454 2569 solus
1497 2502 1784 2568 ascende:
1830 2504 1988 2601 quod
2030 2503 2253 2570 dictum
2294 2502 2487 2582 aptari
2512 2516 2710 2580 potest

562 2580 894 2663 Rigoristis
943 2582 1262 2662 hodiernis,
1304 2584 1406 2669 qui
1454 2584 1803 2651 Pharisaeos
1850 2584 2190 2661 imitantur,
2233 2585 2597 2659 imponentes
2638 2604 2709 2647 a-

563 2660 675 2759 liis·
703 2684 880 2731 onera
931 2664 1336 2747 importabilia
1363 2710 1385 2745 ,
1427 2686 1581 2751 quae
1622 2666 1738 2749 ipsi
1798 2686 1875 2731 ne
1932 2666 2127 2747 digito
2167 2664 2411 2753 quidem
2487 2664 2711 2731 audent

561 2762 716 2812 attin
757 2764 891 2811 ere.

641 2764 974 2907 Asgclepas,
1017 2826 1231 2897 Gazae
1275 2824 1650 2910 Episcopus,
1692 2842 1961 2909 strenuus
2006 2826 2319 2895 Nicaenae
2356 2823 2495 2893 fidei
2541 2872 2564 2907 ,
2642 2842 2711 2893 et

567 2907 941 2974 innocentiae
981 2906 1045 2977 8.
1095 2910 1400 2977 Eustathii
1445 2927 1855 2993 propugnator
1874 2955 1895 2990 ,
1934 2929 2119 2993 opera
2161 2910 2535 2977 Arianomm
2554 2904 2706 2975 Sede

563 3010 668 3057 sua
713 2986 912 3068 pulsus
953 2990 1220 3059 exulavit
1247 3040 1267 3057 .
2662 3048 2672 3059 .

651 3066 1037 3151 Asclepiades
1075 3073 1312 3155 scripsit
1345 3072 1428 3139 de
1471 3067 1859 3142 Providentia
1902 3069 2119 3139 summi
2162 3070 2282 3141 Dei
2323 3069 2397 3135 ad
2438 3068 2701 3137 Lactan-

565 3150 720 3299 ἱὶἶυπι
748 3194 771 3229 ,
809 3152 911 3296 quo-i
945 3174 1104 3300 ἒυῃᾶ
1137 3154 1354 3221 laudat·
1384 3152 1499 3221 lib.
1538 3178 1602 3237 7.
1642 3178 1778 3237 ⁴24.
1822 3138 2189 3233 Dr'vt‘naeruns
2214 3146 2697 3222 Institutionum·

639 3254 715 3297 oe
835 3256 872 3297 u
983 3254 1060 3299 est
1107 3254 1345 3301 eratur.

647 3252 1137 3405 Asc‘iquoqotus,
1179 3313 1585 3393 Philosophus
1628 3364 1649 3397 ,
1716 3314 2053 3385 possidonii
2104 3314 2371 3384 Auditor
2391 3361 2413 3396 ,
2454 3313 2700 3398 scripsit

565 3390 639 3459 de
684 3394 1106 3473 Fulmsmbus,
1143 3413 1202 3459 et
1241 3398 1459 3461 citatur
1501 3418 1546 3475 a
1576 3396 1791 3464 Seneca
1834 3400 1894 3464 in
1936 3392 2407 3485 Ques-tionibus
2428 3400 2727 3469 Natura-,¹

565 3470 768 3541 libus.
816 3476 911 3542 De
951 3496 1024 3543 eo
1066 3475 1361 3556 traditur,
1405 3475 1547 3541 inita
1594 3480 1655 3542 iu
1681 3480 1919 3559 Syriam
1963 3479 2456 3567 peregrinatione,
2486 3496 2552 3543 ut
2587 3477 2700 3543 do-

425 3566 440 3577 ·
567 3557 722 3623 ctior
762 3552 967 3637 fieret,
1009 3573 1124 3621 tres
1169 3555 1364 3622 solum
1405 3560 1760 3641 comperisse
1799 3561 1903 3646 qui
1945 3560 2233 3641 modeste,
2258 3577 2319 3626 et
2360 3579 2430 3624 ex
2472 3555 2701 3626 formu-

569 3634 630 3704 la
673 3638 980 3717 viverent,
1027 3636 1288 3719 [inpium
1341 3638 1783 3709 Antiochenum
1813 3686 1833 3719 ,
1866 3640 2163 3714 Marcum
2225 3640 2629 3707 Laodiceuum
2669 3678 2701 3719 0

565 3718 844 3797 omnium
882 3740 1024 3813 suae
1061 3719 1302 3791 aetatis.
1341 3716 1729 3815 justissimum
1762 3770 1785 3815 ,
1844 3741 1904 3789 et
1974 3720 2351 3815 Domi-tinum
2412 3717 2700 3809 Philoso-

455 3851 462 3864 .
570 3798 772 3951 phos:
810 3799 973 3870 Vide
1008 3798 1298 3873 Senecam
1341 3820 1404 3870 tn
1420 3790 1895 3889 ‚Quaestaomlus
1936 3800 2336 3903 Naturalrbrrs
2370 3824 2415 3871 e
2446 3818 2707 3953 21:235·
