2985 4387
1255 226 1402 297 1-11
2038 262 2048 271 ·
2168 250 2291 317 ,¹13

245 350 309 400 et
347 330 614 401 deditum
653 334 724 402 iis
760 330 977 428 &odiis
999 379 1034 426 ,·
1061 332 1272 418 quibus
1329 356 1363 400 a
1413 326 1674 429 pueritia·
1725 331 1851 416 ipse
1896 296 2093 431 vixi&
2136 335 2371 428 videtur

245 433 451 481 contra
493 417 796 483 Catonem
837 434 1129 495 scripsisse
1167 440 1184 482 ε
1256 416 1418 500 quod
1456 414 1763 507 colligitur
1803 437 1875 482 ex
1938 434 2121 485 varus
2164 414 2373 485 Cicer.

255 496 458 579 Epist.
504 493 615 563 tib.
664 518 760 564 12.
801 496 884 563 ad
921 504 1054 565 Art.
1100 496 1200 563 De
1237 516 1307 563 eo
1345 496 1413 563 in
1456 504 1822 579 spec-emme.
1868 520 1877 535 ·
2232 526 2241 533 ·

321 574 631 645 Historia:
675 599 857 665 quam
897 576 1064 643 utilis
1103 574 1230 655 ejus
1272 576 1484 643 lectio?
1537 578 1697 643 Vide
1740 576 2031 649 Menoch.
2092 587 2267 648 cent.
2314 592 2370 647 1.

237 682 292 725 c.
335 665 439 742 65.
521 658 680 727 Vide
719 662 900 727 etiam
945 658 1126 725 Diod.
1165 656 1476 739 Siculum,
1542 679 1603 724 et
1650 658 1982 737 Agathiam
2044 659 2107 726 in
2169 668 2377 727 Prooe-

237 738 362 804 mio
404 761 643 808 suarum
685 736 874 807 Histt.
916 738 1122 807 Multa
1165 738 1350 807 etiam
1391 740 1465 805 de
1505 760 1572 833 ea
1616 737 1799 830 Max*
1842 738 2122 823 Tyrius.
2204 743 2376 825 Jose·

241 820 400 901 phus
443 820 752 891 Hebraeus
780 870 801 901 ‚
846 822 1078 889 Histor.
1115 820 1399 896 dicebat,
1440 827 1799 887 Historscum
1844 867 1866 903 ,
1927 839 1995 887 ut
2036 841 2177 889 vera
2232 823 2381 891 seri-

241 904 350 971 bat
372 942 410 979 ,,
438 922 714 985 oportere
751 904 881 969 sine
917 922 1055 983 rege
1087 947 1108 982 ,
1150 902 1274 966 sine
1313 916 1472 967 secta
1566 918 1625 968 et
1672 904 1799 969 sine
1835 904 2030 985 patria
2068 922 2193 971 esse
2229 949 2251 985 ,
2310 922 2383 971 ac

241 978 401 1076 tiu-lli
443 984 700 1071 passioni
743 982 1112 1074 obuoitiqrq.
1153 978 1424 1074 Histprr'ae
1467 948 1703 1076 vates)
1744 1002 1845 1077 seu
1892 983 2150 1050 Divinos
2192 980 2381 1053 facit.

239 1062 412 1129 Vide
469 1066 781 1129 Annales:
854 1070 1116 1131 Drvrm:
1181 1066 1413 1129 Verrem
1470 1084 1532 1131 in
1591 1086 1708 1131 suis
1769 1064 1889 1131 litt.
1960 1063 2378 1146 Chronologia

237 1162 332 1209 est
371 1144 470 1211 fax
510 1142 810 1211 Historiae
832 1191 855 1226 ,
895 1166 1051 1232 quae
1089 1150 1264 1226 saepe
1301 1143 1472 1210 falsa'
1491 1164 1596 1227 per
1634 1142 2117 1227 chronologiam
2185 1164 2383 1213 osten·-

238 1227 406 1293 ditur
431 1273 449 1292 .
533 1224 952 1310 chronologia
1001 1225 1270 1293 Roman.
1331 1240 1468 1307 post
1532 1225 1753 1305 ejectos
1814 1248 1973 1307 reges
2052 1248 2155 1309 per
2210 1228 2387 1294 Con-

237 1304 402 1373 sules
446 1305 615 1372 valde
654 1308 876 1375 incerta
919 1324 1054 1387 est,
1092 1308 1233 1391 quia
1263 1326 1434 1385 saepe
1472 1306 1677 1373 eodem
1722 1328 1881 1373 anno
1924 1308 2154 1391 plures,
2198 1328 2383 1394 quam

239 1388 366 1457 duo
407 1386 1020 1468 Consulesfuerunt,
1077 1404 1140 1453 et
1182 1386 1290 1453 sub
1334 1386 1685 1467 Commodo
1749 1390 2033 1471 Imperat.
2094 1388 2381 1457 Cleandri
2463 1389 2471 1398 ’

245 1468 452 1535 liberti
521 1470 780 1549 potentis
841 1488 1018 1553 opera
1047 1516 1069 1549 ,
1151 1490 1191 1541 ο
1236 1466 1411 1561 Coss.
1464 1468 1675 1535 eodem
1718 1490 1879 1536 anno
1898 1472 2103 1537 *creati
2149 1472 2386 1539 tradun-

241 1568 388 1618 tur.
471 1550 570 1617 De
607 1550 724 1619 hoc
765 1550 1072 1623 Cleandro
1182 1550 1486 1615 erodianus
1524 1596 1543 1614 .
1628 1547 1930 1616 Nonnulli
1987 1551 2069 1621 ob
2126 1570 2385 1619 mortem

243 1633 518 1778 {limum
561 1630 743 1701 Coss.
781 1630 1008 1704 suffecti
1053 1630 1252 1713 paucis
1294 1628 1593 1695 mensibus
1614 1628 2013 1697 Consulatum
2094 1650 2385 1701 esserunt.

321 1710 544 1779 onnulli
574 1760 596 1793 ,
639 1730 704 1780 ut
745 1714 1042 1791 Caninius
1085 1708 1394 1791 Rebulus,
1439 1731 1555 1776 uno
1595 1710 1691 1775 die
1734 1707 1970 1779 fuerunt
2010 1787 2018 1798 ι
2094 1713 2329 1787 onsules
2364 1757 2389 1781 .

247 1792 422 1859 Vide
457 1790 764 1877 Caninius
803 1796 862 1859 in
906 1794 1008 1861 C.
1053 1793 1230 1862 Nero
1272 1791 1450 1864 Coss.-
1489 1790 1833 1871 designabat
1903 1794 1977 1858 ad
2018 1798 2059 1857 6
2098 1814 2325 1863 menses
2365 1839 2386 1861 .

243 1872 386 1943 Alii
433 1872 635 1957 Impp.
673 1877 745 1941 ad
789 1875 935 1941 duos
977 1894 1244 1952 menseS‚
1289 1892 1354 1937 ut
1396 1869 1658 1957 aliquem
1722 1872 2065 1953 Consulatu
2130 1876 2389 1941 honora-

245 1974 424 2034 rent.
479 1956 638 2022 Vide
676 1958 835 2023 Suet.
877 1958 936 2021 in
981 1962 1202 2022 Nerone
1244 1972 1396 2037 ως.
1440 1952 1707 2021 Securior
1748 1972 1875 2019 etat
1899 1956 2161 2023 Roman.
2184 1956 2389 2021 Chro-

247 2034 496 2123 nolbgia
543 2058 650 2118 per
693 2038 897 2105 Lustra
923 2084 944 2118 ‚
987 2056 1053 2102 ut
1096 2036 1467 2107 Graecorum
1516 2056 1621 2115 per
1665 2034 2097 2117 Olympiadas.
2140 2038 2240 2103 De
2278 2034 2393 2101 Hr‘-

245 2113 466 2260 stoe-{ae
507 2116 730 2211 laudib.
774 2118 904 2185 vide
943 2116 1168 2212 justini
1210 2112 1372 2184 Hist.
1437 2118 1745 2204 Prologum
1784 2164 1803 2185 .
1891 2114 2051 2187 Vide
2107 2114 2420 2187 Historia

249 2219 312 2264 tn
438 2219 724 2270 ecrmme.

330 2216 663 2347 Hfitri'ones
722 2279 751 2354 (
766 2279 840 2347 de
879 2278 1096 2366 quibus
1137 2279 1195 2346 in
1254 2273 1629 2361 specimine)
1688 2281 1831 2347 dieti
1896 2279 2045 2350 tales
2105 2300 2393 2364 putantur

251 2359 334 2426 ab
377 2361 624 2428 Histero
663 2363 924 2447 quodam
972 2363 1274 2453 Etrusco,
1313 2362 1418 2444 qui
1459 2361 1687 2442 primus
1709 2364 1949 2428 Rornae
1988 2367 2250 2434 exercuit
2275 2366 2395 2431 Hi-

252 2441 636 2530 strionicam.
727 2443 889 2510 Vide
930 2441 1113 2514 Mimr
1157 2463 1179 2505 z
1253 2445 1460 2506 Panur
1501 2466 1572 2509 us
1610 2444 1669 2508 in
1712 2444 1830 2510 suis
1869 2444 1995 2510 litt.
2077 2445 2389 2528 Augustus

257 2520 636 2612 Histriaqum
682 2522 980 2590 licentiam
1021 2523 1422 2604 compescuit,
1512 2523 1933 2606 tephanionem
1958 2521 2391 2610 Togatarium‚

251 2605 486 2684 Hylam
517 2652 536 2684 ,
576 2622 636 2669 et
676 2599 960 2684 Pyladem
1005 2624 1202 2672 severe
1225 2605 1480 2686 ¹puniens
1518 2652 1537 2671 .
1625 2605 1721 2671 De
1778 2605 1929 2672 Polo
1993 2607 2219 2680 Athen.
2276 2603 2395 2676 Hi.

251 2684 470 2758 sti-ione
514 2686 650 2750 vide
687 2685 828 2768 fiel.
871 2685 981 2760 lib,
1023 2707 1087 2770 7.
1130 2710 1162 2750 c
1231 2706 1326 2769 5..
1377 2685 1461 2753 C.
1508 2685 1565 2766 J.
1609 2687 1835 2752 Caesar
1878 2705 2011 2768 post
2056 2687 2389 2768 triumphos

255 2789 390 2832 suos
411 2763 454 2848 ‚⁹
472 2764 642 2843 ludos
682 2767 1030 2848 regionatim
1075 2735 1246 2834 Ur‘be
1287 2781 1413 2858 tota
1456 2764 1684 2847 populo
1722 2767 1935 2859 dedit:
2007 2767 2159 2834 inter
2197 2767 2321 2836 alia
2361 2809 2419 2846 ‚.

249 2849 412 2916 dedit
453 2847 789 2938 spectacula
827 2869 932 2934 per
969 2847 1242 2916 omniurn
1283 2844 1621 2927 linguarum
1663 2853 2027 2915 Hssmones.
2416 2848 2423 2862 '

935 2971 1715 3076 (tenorentruite.⁸

1221 3131 1383 3226 no

335 3259 518 3320 Homo
544 3301 565 3320 .
605 3250 835 3325 Seleeta
863 3301 884 3335 ,
945 3270 1007 3319 et
1071 3251 1327 3336 gloriosa
1387 3253 1460 3319 de
1516 3245 1763 3328 Homine
1808 3249 1942 3320 vIde
1985 3251 2172 3320 multa
2231 3253 2387 3336 apud

251 3333 440 3401 Coel.
481 3335 749 3416 Rhodig.
792 3356 862 3402 ex
909 3333 1180 3402 Ethnieis
1221 3335 1452 3406 Philus.
1495 3339 1599 3423 qui
1642 3337 1855 3404 melius
1888 3383 1909 3416 ‚
1950 3352 2012 3398 et
2052 3334 2279 3416 dignius
2315 3339 2389 3402 de

249 3413 506 3487 Homine
542 3436 837 3482 senserunt
865 3463 888 3498 ‚
929 3435 1110 3501 quam
1155 3420 1337 3486 nostri
1404 3419 1581 3485 seculi
1642 3415 2110 3484 Antichristiani
2164 3417 2388 3485 Philon.

250 3517 405 3582 quos
444 3519 562 3564 non
605 3498 826 3580 pudet,
867 3519 929 3562 se
973 3499 1031 3562 in
1058 3499 1522 3580 machinarum,
1564 3515 1627 3564 et
1670 3500 1959 3582 pecudum
2004 3487 2247 3568 classem
2290 3499 2393 3565 de-

250 3579 494 3645 mittere
529 3585 758 3643 servata
801 3577 1057 3644 humana
1103 3575 1331 3660 figura.
1371 3579 1503 3646 Sint
1546 3579 1683 3660 illi,
1726 3599 1793 3646 ut
1838 3579 2055 3660 lubet,
2098 3579 2339 3660 pecudes
2365 3622 2391 3660 ,

255 3661 439 3728 modo
481 3680 588 3726 nos
627 3659 821 3752 sinant
861 3679 983 3726 esse
1023 3659 1098 3724 ad
1143 3661 1260 3728 Dei
1305 3662 1671 3744 imaginem,
1709 3679 1770 3734 et
1808 3659 2255 3730 similitudinem
2298 3657 2391 3728 fa·

254 3758 384 3812 ctos
408 3786 431 3825 ,
467 3757 530 3808 et
567 3736 830 3824 Angelis
870 3740 1078 3824 paullo
1115 3742 1376 3812 minores
1403 3789 1424 3813 .
2160 3819 2225 3890 C

1545 3853 1575 3878 x·
1601 3835 1673 3906 H
2245 3843 2315 3890 ο.
