2985 4387
984 338 991 346 .
2344 268 2472 350 265

528 463 538 473 ·
650 408 1457 563 M‘ATTHAEUS·
1510 427 2326 562 AIMERICHIUS

1006 608 1908 751 ³Lssewon1s

380 1298 521 1477 F
524 1422 747 1485 1DEM
820 1428 1061 1487 meam
1135 1404 1296 1487 heic
1366 1404 1512 1485 loci
1583 1402 1776 1487 haud
1849 1354 2132 1487 invittis
2204 1404 2442 1487 libero
2511 1411 2550 1507 ;

378 1600 655 1679 Lector
704 1594 1031 1677 erudite.
1082 1598 1574 1678 Promiseram
1623 1594 1898 1675 Lexici
1948 1596 2167 1676 initio
2199 1596 2534 1701 Opuscu-

367 1787 453 1870 la
504 1744 788 1894 aliquot
854 1786 946 1868 de
994 1790 1438 1893 argumentis
1495 1788 1588 1870 ad
1656 1812 1772 1866 res
1841 1788 2319 1889 antiquorum
2369 1791 2531 1869 Ro-

375 1968 758 2063 manoruffi
805 1981 1351 2083 spectantibus,
1400 2006 1589 2085 quae
1643 1978 1868 2059 inseri
1919 1960 2336 2082 potnissent
2383 1978 2534 2061 suis

370 2171 551 2255 locis
604 2199 701 2253 ex
755 2171 1011 2254 ordine
1062 2171 1479 2255 litterarum
1532 2170 1610 2253 in
1677 2164 2010 2274 Lentim,
2063 2170 2538 2302 quemadmo-

367 2361 542 2446 dum
595 2363 873 2447 factum
924 2385 1038 2446 est
1087 2362 1168 2444 in
1236 2361 1673 2469 specimine
1743 2393 1792 2492 ²?-
1877 2389 1998 2445 me
2065 2391 2300 2471 nuper
2353 2363 2530 2444 Fer·

364 2557 599 2642 rariae
648 2557 851 2640 edito
873 2617 900 2660 ‚
956 2557 1078 2640 ubi
1130 2558 1530 2642 nonnullae
1575 2555 2169 2642 Dissertationes
2219 2556 2366 2638 suis
2413 2557 2528 2636 lo-

372 2749 477 2831 cis
543 2775 641 2829 ex
710 2749 969 2831 ordine
1038 2750 1456 2833 litterarum
1533 2751 1852 2832 insertae
1905 2767 2078 2830 sunt
2119 2808 2142 2830 .
2235 2701 2534 2827 ⁸Verum

374 2940 727 3042 quoniam
776 2939 1014 3023 doctis
1035 2943 1337 3043 amicis,
1366 2965 1682 3044 quorum
1703 2940 1980 3042 judicio
2021 2939 2337 3021 multum
2389 2933 2534 3017 tri·

362 3127 557 3235 buo,
609 3133 854 3218 visum
906 3152 1021 3214 est
1060 3145 1123 3234 ‚'
1160 3159 1247 3216 ea
1294 3133 1727 3241 prolixitate
1799 3160 1929 3215 sua
2006 3127 2340 3212 Lexicon
2412 3127 2526 3209 in-

362 3341 782 3430 terruptura
803 3385 832 3426 ‚
883 3345 960 3406 et
1015 3352 1273 3430 parum
1322 3325 1399 3408 id
1450 3347 1750 3432 gratum
1819 3323 2157 3409 Lex-icon
2222 3345 2516 3404 versan-

364 3516 557 3600 tibus
582 3517 935 3604 .futurum
955 3542 986 3622 3
1034 3518 1129 3600 ad
1189 3517 1459 3602 Lexiei
1509 3521 1784 3603 calcem
1836 3543 1977 3623 pro
2027 3512 2378 3598 coronide
2426 3537 2514 3594 ea

359 3711 563 3818 typis
610 3711 785 3796 dare
834 3713 1059 3798 statui
1100 3773 1130 3817 ‚
1206 3733 1293 3798 ut
1340 3713 1584 3820 palam
1652 3711 1789 3796 fiat
1824 3771 1855 3817 ‚
1929 3736 2052 3795 me
2117 3709 2528 3794 amicorum

2273 3877 2436 3932 sen·
