2985 4387
323 371 817 454 crudelissimus,
856 389 918 468 et
957 370 1040 444 ob
1076 393 1246 444 snam
1277 373 1597 447 saevitiem
1640 397 1821 444 a-suo
1852 377 2133 448 Exercitu
2173 377 2471 462 lapidibus

325 455 624 548 obrutus,
665 475 724 522 et
766 476 1030 524 occisus.
1227 499 1236 508 ·

335 599 354 610 ,
413 542 710 622 συρτει(
752 537 1036 604 Genitius
1079 539 1106 616 )
1150 539 1439 616 Praetor,
1483 556 1621 602 cum
1666 537 2204 619 paludatus-Roma
2246 541 2472 622 exiret,

322 637 610 690 cornutis
653 635 888 698 repente
929 620 1206 700 singulari
1248 619 1521 701 prodigio
1562 622 1885 700 apparuit:
1931 641 1991 688 et
2030 646 2166 690 cum
2211 625 2289 690 ab
2335 627 2472 692 Au-

321 700 572 779 guribus
613 697 898 772 consultis
957 722 1296 782 responsum
1344 719 1497 782 esset
1522 699 1638 791 ,jd
1682 703 1983 782 indicare,
2024 725 2158 770 eum
2198 703 2469 774 futurum

325 799 574 862 regem,
611 783 660 850 si
705 783 972 850 Romam
1015 785 1390 864 revertisset3
1434 803 1508 848 ne
1556 782 1611 846 id
1648 786 2061 866 contingeret,
2124 807 2474 868 perpetuum

325 863 612 930 exsilium
651 865 762 930 sibi
791 863 1061 956 indixit.
1107 864 1204 934 Ita
1253 863 1402 936 Val.
1443 861 1625 930 Max.
1665 865 1713 927 l.
1754 881 1815 950 5.
1867 890 1919 932 c.
1966 873 2027 934 6.
2072 865 2147 934 In
2206 865 2473 934 Historia

321 949 484 1012 Nat.
524 947 874 1012 Catalomae
909 945 1224 1012 narrabam
1250 993 1269 1024 ,
1311 966 1409 1010 me
1451 946 1663 1009 vidisse
1696 969 1877 1013 cornu
1918 945 2409 1027 perfectissimum
2452 997 2477 1028 ,

323 1043 391 1090 et
437 1025 647 1107 legisse
685 1029 1092 1094 testimonium
1137 1027 1423 1094 Curionis
1452 1029 1742 1120 ‘testantis
1775 1073 1799 1107 ,
1862 1048 2047 1093 cornu
2114 1027 2263 1096 illud
2308 1029 2477 1096 avul.

323 1125 466 1172 sum
493 1150 516 1185 ,
555 1129 658 1174 seu
699 1111 1004 1180 rescissum
1035 1131 1114 1176 ex
1135 1107 1330 1186 capite
1348 1107 1643 1176 ruricolae
1678 1130 1818 1176 suae
1858 1111 2098 1188 curiae,
2137 1133 2239 1176 seu
2282 1131 2491 1190 paroe-

325 1187 465 1252 ciae
503 1191 562 1254 in
606 1188 978 1258 catalonia.
1022 1189 1272 1256 Matriti
1317 1187 1579 1273 reliqui,
1620 1209 1686 1258 ut
1726 1190 1877 1257 alibi
1922 1190 2088 1271 dixi,
2130 1192 2333 1274 praelo
2378 1213 2484 1272 pa·

326 1289 530 1334 utam
579 1270 901 1352 praefatam
941 1269 1272 1364 Historiam
1309 1318 1330 1352 ,
1399 1271 1458 1335 in
1502 1293 1667 1356 qua,
1726 1273 1840 1340 nisi
1878 1273 1929 1341 si
1969 1271 2149 1341 fallor
2183 1316 2206 1353 ,
2266 1273 2484 1344 exscri-

327 1369 510 1434 ptum
547 1351 772 1420 dabam
817 1353 1072 1422 Parochi
1115 1353 1577 1422 testimonium.

1014 1472 1793 1546 Conottautuu.

341 1637 354 1668 ‚-
411 1591 763 1694 cin-uitus,
803 1616 908 1665 seu
951 1595 1362 1666 circumlatio
1401 1600 1704 1693 sanguinis
1768 1620 1870 1680 per
1895 1596 2178 1695 ‘humani
2218 1600 2482 1683 eorporis

207 1731 214 1740 .
329 1677 605 1748 membra
629 1723 652 1756 ,
695 1698 933 1761 ignotus
953 1677 1215 1746 Medicis
1239 1681 1535 1750 Romanis
1556 1728 1577 1761 ,
1616 1701 1675 1748 et
1697 1680 1982 1760 Graecis,
2006 1682 2221 1749 saltem
2250 1685 2308 1748 in
2362 1685 2485 1749 Eu-

327 1781 478 1841 ropa
507 1807 527 1839 ,
546 1757 660 1828 suit
677 1780 818 1828 ante
845 1760 1398 1844 HonoriiAugusti
1420 1783 1721 1830 excessum
1740 1809 1761 1830 .
1804 1763 1949 1828 Sunt
1970 1773 2171 1830 tamen
2194 1810 2214 1840 ,
2256 1763 2361 1849 qui
2387 1786 2483 1830 ar-

330 1842 673 1923 bitrentur,
713 1843 788 1910 Ι..
837 1845 968 1910 An.
1011 1843 1262 1910 Senecae
1303 1845 1577 1923 ignotum
1617 1865 1853 1926 prorsus
1894 1864 2013 1912 nou
2056 1841 2273 1922 fuisse,
2310 1861 2371 1910 et
2414 1845 2489 1924 de

327 1945 408 1994 eo
445 1921 658 1991 saltem
701 1927 948 1990 obscure
988 1923 1154 2009 loqui
1201 1921 1316 1992 lib.
1341 1931 1402 1992 6.
1516 1935 1599 2008 Q,
1642 1932 1787 1997 NN.
1814 1967 1835 2002 ,
1874 1943 2007 2006 cap.
2052 1929 2145 1992 18.
2209 1921 2285 1990 In
2334 1927 2489 1992 Asia

325 2023 510 2076 notus
553 2003 670 2070 fuit
715 2005 1044 2086 Nemesio,
1089 2005 1390 2078 Emeseno
1498 2009 1737 2087 piscopo
1780 2005 2049 2087 S.Greg.
2094 2003 2351 2086 Nysseni
2398 2027 2495 2074 ae-
2569 2067 2577 2072 .

327 2109 455 2154 νο.
501 2085 666 2150 Vide
709 2085 1120 2153 Nemeeius-in
1163 2096 1248 2154 N.
1295 2090 1652 2154 Benedictus
1724 2089 1979 2156 Hieron.
2026 2085 2299 2166 Feyjoo,
2372 2087 2490 2152 Hi-

325 2189 552 2251 spanus
593 2167 866 2235 Criticus
909 2171 966 2234 in
1009 2191 1118 2235 suo
1159 2169 1414 2236 Theatra
1439 2167 1667 2237 critico
1692 2169 1997 2250 ostendit,
2040 2169 2341 2252 primurn,
2384 2169 2491 2255 qui

329 2250 396 2317 in
433 2251 688 2331 Europa
731 2248 1057 2335 Sanguinis
1093 2250 1429 2317 circuitum
1491 2253 1801 2334 vulgavit,
1857 2250 2035 2319 fuisse
2082 2248 2495 2319 Veterinariae
2571 2268 2577 2277 ·

331 2333 484 2401 artis
527 2330 918 2407 professorem
951 2333 1328 2413 Hispanum,
1371 2336 1434 2399 la
1459 2343 1659 2412 Reyna
1682 2334 2047 2415 appellatum
2072 2379 2093 2409 ,
2134 2334 2293 2399 edito
2336 2332 2493 2401 libro

327 2413 410 2481 de
449 2411 565 2480 hoc
601 2429 999 2489 argumento:
1043 2434 1475 2509 perperamque
1520 2417 1633 2483 boc
1668 2414 2199 2497 Inventum‘tribui
2250 2414 2499 2485 Herveo

331 2493 593 2575 Anglo,
635 2495 852 2562 Paullo
889 2496 1151 2578 Sarpio,
1193 2515 1255 2562 et
1315 2498 1452 2563 aliis
1494 2498 1813 2565 secundum
1878 2499 2071 2563 varias
2114 2497 2429 2577 opiniones
2466 2546 2489 2565 .

334 2576 622 2643 Forsitan
653 2578 988 2655 Senectus,
1031 2578 1342 2659 Hispanus
1363 2579 1642 2649 Medicus
1666 2626 1685 2657 ,
1726 2579 1926 2675 quide
1968 2575 2300 2644 Trinitatis
2338 2602 2490 2643 erro·

331 2654 506 2724 ribus
543 2657 844 2751 scribens,
877 2662 1192 2756 perspicue
1231 2659 1563 2744 Sanguinis
1582 2658 1897 2726 cin-curtum
1918 2662 2165 2737 adstruit
2208 2662 2495 2751 inoopere

327 2762 450 2807 auo
489 2738 761 2807 Bastiaee
801 2740 964 2805 edito
1005 2764 1104 2808 an.
1155 2760 1329 2824 1531.
1353 2762 1490 2806 ante
1532 2742 1591 2809 la
1642 2750 1839 2825 Reyna
1882 2744 1955 2806 de
1993 2738 2323 2825 Sanguinis
2359 2750 2497 2803 Cer-

329 2818 506 2885 cuitu
547 2820 827 2902 scripsit.
871 2822 965 2888 Ut
1009 2840 1076 2889 ut
1133 2822 1214 2895 sit
1246 2868 1270 2897 .
1327 2826 1609 2891 existimo
1634 2870 1657 2902 ,
1700 2824 1819 2889 urle
1858 2824 2029 2903 Opus
2069 2823 2289 2889 lectum
2330 2843 2367 2887 a
2426 2822 2493 2889 to

337 2910 552 2984 Reynae
592 2924 716 2971 non
755 2902 970 2985 fuisse,
1015 2926 1152 2971 cum
1200 2904 1422 2971 librum
1465 2928 1637 2971 suum
1678 2904 1901 2973 edidit.
1936 2903 2161 2970 Serveti
2204 2902 2371 2967 enim
2412 2910 2497 2967 O·

331 3004 460 3070 pus
500 2982 711 3062 illico,
745 2985 937 3050 etiam
979 3005 1014 3050 a
1062 2984 1373 3065 Calvino,
1409 2986 1759 3053 damnatum
1800 2980 1956 3064 suit,
1998 3004 2057 3051 et
2115 2986 2497 3051 combustum

341 3090 482 3137 cum
503 3066 814 3136 Auctore.
859 3066 1156 3135 Historici
1201 3089 1394 3135 rerum
1443 3068 1775 3133 sinensium
1818 3068 2087 3147 ignorare
2112 3088 2219 3133 nos
2260 3086 2377 3129 non
2420 3068 2499 3129 si-

341 3164 536 3229 nunt,
577 3145 789 3215 multis
833 3147 914 3215 ab
955 3146 1097 3215 hinc
1139 3148 1349 3215 seculis
1435 3171 1468 3213 a
1513 3146 1781 3216 Medicis
1820 3148 2163 3213 Sineusibus
2223 3148 2495 3228 agnitum

351 3230 512 3297 uisse
546 3228 878 3313 Sanguinis.
914 3225 1292 3321 Cir-quitum.
1339 3196 1484 3295 Nion
1530 3231 1746 3297 desunt
1808 3249 2009 3295 tamen
2072 3230 2349 3310 Medici,
2390 3232 2497 3314 qui

341 3308 488 3379 hnic
543 3309 894 3395 plausibili,
931 3330 996 3375 et
1038 3334 1160 3390 ,am
1203 3310 1506 3379 communi
1548 3312 1821 3392 opinioni
1876 3312 2306 3380 adversentur:
2376 3310 2499 3379 ioru-

343 3392 502 3457 sitan
542 3393 686 3475 quia
727 3390 1054 3475 singulares
1095 3414 1218 3459 esse
1257 3395 1314 3459 in
1358 3395 1665 3472 opinando
1704 3412 1909 3459 amant
1933 3439 1954 3474 ,
1998 3394 2091 3459 vel
2132 3398 2271 3479 quia
2334 3392 2499 3474 inge-

339 3472 510 3569 nium
541 3496 726 3543 sunm
765 3473 1116 3555 ostendere,
1155 3476 1615 3547 contradicendo
1630 3476 2031 3545 communiter
2072 3475 2318 3560 receptis
2342 3520 2363 3557 ,
2403 3496 2508 3543 cu·

339 3573 557 3639 piunt.
1040 3567 1047 3576 “

420 3636 653 3705 Audivi
699 3658 826 3707 non
865 3635 1048 3707 semel
1089 3638 1155 3705 in
1199 3637 1527 3707 litterario
1568 3636 1854 3707 Theatro
1896 3638 2169 3720 Regiae,
2212 3658 2272 3706 et
2317 3638 2497 3709 Pont.

333 3718 714 3787 Academiae
755 3720 1112 3789 Gandiensis
1145 3720 1201 3785 in
1254 3714 1585 3787 Valentino
1628 3720 2063 3803 Hispaniarum
2110 3741 2288 3802 regno
2314 3744 2493 3799 ,cum

337 3800 434 3871 ‘tlh'
477 3802 806 3873 Athenaeo
843 3803 1234 3888 superiorum
1257 3802 1575 3949 iussnDper
1615 3824 1799 3870 annos
1824 3803 2055 3888 aliquot
2108 3823 2443 3949 praeaesggm
2466 3849 2488 3882 ,

391 3906 404 3915 .
1554 3906 1609 3963 4
2394 3924 2417 3941 ‚
