<?xml version="1.0" encoding="UTF-8"?>
<!DOCTYPE html PUBLIC "-//W3C//DTD XHTML 1.0 Transitional//EN"
    "http://www.w3.org/TR/xhtml1/DTD/xhtml1-transitional.dtd">
<html xmlns="http://www.w3.org/1999/xhtml" xml:lang="en" lang="en">
 <head>
  <title>
</title>
<meta http-equiv="Content-Type" content="text/html;charset=utf-8" />
  <meta name='ocr-system' content='tesseract 3.04.00' />
  <meta name='ocr-capabilities' content='ocr_page ocr_carea ocr_par ocr_line ocrx_word'/>
</head>
<body>
  <div class='ocr_page' id='page_1' title='image "./matthaeiaimeric01aymegoog/matthaeiaimeric01aymegoog_0056.png"; bbox 0 0 2985 4387; ppageno 0'>
   <div class='ocr_carea' id='block_1_1' title="bbox 421 259 2682 3946">
    <p class='ocr_par' dir='ltr' id='par_1_1' title="bbox 493 259 2647 621">
     <span class='ocr_line' id='line_1_1' title="bbox 570 259 2217 340; baseline -0.005 -1"><span class='ocrx_word' id='word_1_1' title='bbox 570 289 654 340; x_wconf 81' lang='grc' dir='ltr'>ιο</span> <span class='ocrx_word' id='word_1_2' title='bbox 1460 259 1531 336; x_wconf 89' lang='grc' dir='ltr'><strong>Α</strong></span> <span class='ocrx_word' id='word_1_3' title='bbox 1572 267 1626 334; x_wconf 90' lang='lat' dir='ltr'>L</span> <span class='ocrx_word' id='word_1_4' title='bbox 2174 267 2217 285; x_wconf 34' lang='grc' dir='ltr'><strong>Σ</strong></span> 
     </span>
     <span class='ocr_line' id='line_1_2' title="bbox 493 369 2645 462; baseline -0.003 -16"><span class='ocrx_word' id='word_1_5' title='bbox 493 396 618 446; x_wconf 82' lang='lat' dir='ltr'>uon</span> <span class='ocrx_word' id='word_1_6' title='bbox 659 369 884 442; x_wconf 85' lang='lat' dir='ltr'>inutilis</span> <span class='ocrx_word' id='word_1_7' title='bbox 908 419 944 462; x_wconf 89' lang='lat'>·.</span> <span class='ocrx_word' id='word_1_8' title='bbox 995 369 1092 438; x_wconf 90' lang='lat' dir='ltr'>Ita</span> <span class='ocrx_word' id='word_1_9' title='bbox 1138 369 1365 439; x_wconf 84' lang='lat' dir='ltr'>Cicero</span> <span class='ocrx_word' id='word_1_10' title='bbox 1425 374 1499 442; x_wconf 87' lang='lat' dir='ltr'>ad</span> <span class='ocrx_word' id='word_1_11' title='bbox 1540 371 1821 440; x_wconf 81' lang='lat' dir='ltr'>Atticum</span> <span class='ocrx_word' id='word_1_12' title='bbox 1865 370 1980 441; x_wconf 86' lang='lat' dir='ltr'>lib.</span> <span class='ocrx_word' id='word_1_13' title='bbox 2020 393 2079 440; x_wconf 89' lang='lat'>2.</span> <span class='ocrx_word' id='word_1_14' title='bbox 2123 371 2399 460; x_wconf 74' lang='lat' dir='ltr'>Epistola</span> <span class='ocrx_word' id='word_1_15' title='bbox 2440 394 2545 442; x_wconf 86' lang='lat'>20.</span> <span class='ocrx_word' id='word_1_16' title='bbox 2581 386 2645 442; x_wconf 76' lang='lat' dir='ltr'>ee</span> 
     </span>
     <span class='ocr_line' id='line_1_3' title="bbox 497 451 2645 538; baseline 0.001 -16"><span class='ocrx_word' id='word_1_17' title='bbox 497 473 662 536; x_wconf 60' lang='lat' dir='ltr'>zzr,</span> <span class='ocrx_word' id='word_1_18' title='bbox 749 453 848 538; x_wconf 92' lang='lat' dir='ltr'>qui</span> <span class='ocrx_word' id='word_1_19' title='bbox 895 451 1075 519; x_wconf 65' lang='lat' dir='ltr'>libros</span> <span class='ocrx_word' id='word_1_20' title='bbox 1112 453 1488 532; x_wconf 82' lang='lat' dir='ltr'><em>Alexandri,</em></span> <span class='ocrx_word' id='word_1_21' title='bbox 1570 455 1693 533; x_wconf 80' lang='lat' dir='ltr'>jam</span> <span class='ocrx_word' id='word_1_22' title='bbox 1737 455 1919 524; x_wconf 83' lang='lat' dir='ltr'>lectos</span> <span class='ocrx_word' id='word_1_23' title='bbox 1958 499 1980 533; x_wconf 92' lang='lat'>,</span> <span class='ocrx_word' id='word_1_24' title='bbox 2038 459 2263 524; x_wconf 89' lang='lat' dir='ltr'>Attico</span> <span class='ocrx_word' id='word_1_25' title='bbox 2304 457 2581 521; x_wconf 87' lang='lat' dir='ltr'>reddebat</span> <span class='ocrx_word' id='word_1_26' title='bbox 2622 499 2645 524; x_wconf 83' lang='grc'><strong>.</strong></span> 
     </span>
     <span class='ocr_line' id='line_1_4' title="bbox 495 533 2647 621; baseline 0.001 -17"><span class='ocrx_word' id='word_1_27' title='bbox 495 541 650 621; x_wconf 79' lang='lat' dir='ltr'>Quo</span> <span class='ocrx_word' id='word_1_28' title='bbox 690 535 762 601; x_wconf 88' lang='lat' dir='ltr'>de</span> <span class='ocrx_word' id='word_1_29' title='bbox 803 554 1152 614; x_wconf 78' lang='lat' dir='ltr'>argumento</span> <span class='ocrx_word' id='word_1_30' title='bbox 1195 543 1418 606; x_wconf 84' lang='lat' dir='ltr'>essent?</span> <span class='ocrx_word' id='word_1_31' title='bbox 1465 553 1589 601; x_wconf 79' lang='lat' dir='ltr'>non</span> <span class='ocrx_word' id='word_1_32' title='bbox 1636 537 1819 605; x_wconf 85' lang='lat' dir='ltr'>dicit.</span> <span class='ocrx_word' id='word_1_33' title='bbox 1886 538 1973 604; x_wconf 86' lang='lat' dir='ltr'>Hi</span> <span class='ocrx_word' id='word_1_34' title='bbox 2016 533 2161 602; x_wconf 83' lang='lat' dir='ltr'>libri</span> <span class='ocrx_word' id='word_1_35' title='bbox 2200 541 2647 606; x_wconf 78' lang='lat' dir='ltr'>desiderantur·</span> 
     </span>
    </p>

    <p class='ocr_par' dir='ltr' id='par_1_2' title="bbox 486 614 2658 1010">
     <span class='ocr_line' id='line_1_5' title="bbox 575 614 2650 702; baseline -0 -19"><span class='ocrx_word' id='word_1_36' title='bbox 575 614 912 683; x_wconf 82' lang='lat' dir='ltr'><em>Alexander</em></span> <span class='ocrx_word' id='word_1_37' title='bbox 932 666 950 692; x_wconf 83' lang='lat'>,</span> <span class='ocrx_word' id='word_1_38' title='bbox 973 616 1456 698; x_wconf 85' lang='lat' dir='ltr'>Aphrodisiensis</span> <span class='ocrx_word' id='word_1_39' title='bbox 1482 617 1877 698; x_wconf 79' lang='lat' dir='ltr'><strong>Philosophus</strong></span> <span class='ocrx_word' id='word_1_40' title='bbox 1898 619 2328 698; x_wconf 88' lang='lat' dir='ltr'>Peripateticus</span> <span class='ocrx_word' id='word_1_41' title='bbox 2348 667 2369 700; x_wconf 92' lang='lat'>,</span> <span class='ocrx_word' id='word_1_42' title='bbox 2388 620 2492 702; x_wconf 88' lang='lat' dir='ltr'>qui</span> <span class='ocrx_word' id='word_1_43' title='bbox 2536 616 2650 682; x_wconf 84' lang='lat' dir='ltr'>flo-</span> 
     </span>
     <span class='ocr_line' id='line_1_6' title="bbox 486 698 2658 782; baseline -0 -17"><span class='ocrx_word' id='word_1_44' title='bbox 486 699 661 780; x_wconf 75' lang='lat' dir='ltr'>rebat</span> <span class='ocrx_word' id='word_1_45' title='bbox 700 699 852 764; x_wconf 87' lang='lat' dir='ltr'>circa</span> <span class='ocrx_word' id='word_1_46' title='bbox 893 717 1114 767; x_wconf 79' lang='lat' dir='ltr'>annum</span> <span class='ocrx_word' id='word_1_47' title='bbox 1157 698 1390 764; x_wconf 80' lang='lat' dir='ltr'>Christi</span> <span class='ocrx_word' id='word_1_48' title='bbox 1419 719 1563 770; x_wconf 79' lang='lat'><em>200.</em></span> <span class='ocrx_word' id='word_1_49' title='bbox 1590 702 1824 782; x_wconf 80' lang='lat' dir='ltr'>scripsit</span> <span class='ocrx_word' id='word_1_50' title='bbox 1865 717 2065 766; x_wconf 79' lang='lat' dir='ltr'>contra</span> <span class='ocrx_word' id='word_1_51' title='bbox 2108 708 2327 769; x_wconf 81' lang='lat' dir='ltr'>Fatum</span> <span class='ocrx_word' id='word_1_52' title='bbox 2370 721 2443 765; x_wconf 85' lang='lat' dir='ltr'>ex</span> <span class='ocrx_word' id='word_1_53' title='bbox 2486 720 2658 764; x_wconf 61' lang='lat' dir='ltr'>men*</span> 
     </span>
     <span class='ocr_line' id='line_1_7' title="bbox 489 777 2653 870; baseline -0.001 -24"><span class='ocrx_word' id='word_1_54' title='bbox 489 781 557 846; x_wconf 70' lang='lat' dir='ltr'>&#39;te</span> <span class='ocrx_word' id='word_1_55' title='bbox 601 777 950 846; x_wconf 84' lang='lat' dir='ltr'>Aristotelis</span> <span class='ocrx_word' id='word_1_56' title='bbox 994 781 1065 842; x_wconf 89' lang='lat' dir='ltr'>ad</span> <span class='ocrx_word' id='word_1_57' title='bbox 1109 779 1429 860; x_wconf 86' lang='lat' dir='ltr'>Severum,</span> <span class='ocrx_word' id='word_1_58' title='bbox 1471 802 1533 844; x_wconf 83' lang='lat' dir='ltr'>et</span> <span class='ocrx_word' id='word_1_59' title='bbox 1578 781 2008 860; x_wconf 76' lang='lat' dir='ltr'>caracallam,</span> <span class='ocrx_word' id='word_1_60' title='bbox 2054 781 2473 848; x_wconf 86' lang='lat' dir='ltr'>Romanorum</span> <span class='ocrx_word' id='word_1_61' title='bbox 2523 781 2653 870; x_wconf 68' lang='lat' dir='ltr'>lm-</span> 
     </span>
     <span class='ocr_line' id='line_1_8' title="bbox 499 861 2655 1009; baseline 0.001 -83"><span class='ocrx_word' id='word_1_62' title='bbox 499 881 840 1009; x_wconf 47' lang='lat' dir='ltr'>peratores.</span> <span class='ocrx_word' id='word_1_63' title='bbox 899 861 1200 931; x_wconf 82' lang='lat' dir='ltr'>Laudatur</span> <span class='ocrx_word' id='word_1_64' title='bbox 1241 861 1318 930; x_wconf 88' lang='lat' dir='ltr'>ab</span> <span class='ocrx_word' id='word_1_65' title='bbox 1349 862 1619 932; x_wconf 85' lang='lat' dir='ltr'>Eusebio</span> <span class='ocrx_word' id='word_1_66' title='bbox 1660 863 2046 932; x_wconf 80' lang='lat' dir='ltr'>caesareensi</span> <span class='ocrx_word' id='word_1_67' title='bbox 2089 863 2163 928; x_wconf 90' lang='lat' dir='ltr'>de</span> <span class='ocrx_word' id='word_1_68' title='bbox 2200 872 2655 948; x_wconf 77' lang='lat' dir='ltr'>Praeparateone</span> 
     </span>
     <span class='ocr_line' id='line_1_9' title="bbox 499 951 1082 1010; baseline -0.01 0"><span class='ocrx_word' id='word_1_69' title='bbox 499 951 680 1010; x_wconf 70' lang='lat' dir='ltr'>Evam</span> <span class='ocrx_word' id='word_1_70' title='bbox 722 965 752 1006; x_wconf 98' lang='lat' dir='ltr'>e</span> <span class='ocrx_word' id='word_1_71' title='bbox 781 963 915 1010; x_wconf 68' lang='lat' dir='ltr'>ica.</span> <span class='ocrx_word' id='word_1_72' title='bbox 1075 997 1082 1004; x_wconf 88' lang='lat'><em>.</em></span> 
     </span>
    </p>

    <p class='ocr_par' dir='ltr' id='par_1_3' title="bbox 455 966 2660 1437">
     <span class='ocr_line' id='line_1_10' title="bbox 577 966 2655 1110; baseline -0.001 -17"><span class='ocrx_word' id='word_1_73' title='bbox 577 966 954 1100; x_wconf 50' lang='lat' dir='ltr'>migranda,</span> <span class='ocrx_word' id='word_1_74' title='bbox 1001 1020 1440 1107; x_wconf 78' lang='lat' dir='ltr'>Philosophus,</span> <span class='ocrx_word' id='word_1_75' title='bbox 1501 1021 1905 1092; x_wconf 76' lang='lat' dir='ltr'>Carbonarius</span> <span class='ocrx_word' id='word_1_76' title='bbox 1940 1026 2174 1106; x_wconf 84' lang='lat' dir='ltr'>dictus,</span> <span class='ocrx_word' id='word_1_77' title='bbox 2216 1047 2293 1094; x_wconf 87' lang='lat' dir='ltr'>eo</span> <span class='ocrx_word' id='word_1_78' title='bbox 2334 1025 2536 1110; x_wconf 88' lang='lat' dir='ltr'>quod,</span> <span class='ocrx_word' id='word_1_79' title='bbox 2576 1020 2655 1086; x_wconf 74' lang='lat' dir='ltr'>ad</span> 
     </span>
     <span class='ocr_line' id='line_1_11' title="bbox 455 1101 2659 1190; baseline -0.004 -14"><span class='ocrx_word' id='word_1_80' title='bbox 455 1120 466 1150; x_wconf 85' lang='lat'><strong><em>‘</em></strong></span> <span class='ocrx_word' id='word_1_81' title='bbox 497 1107 846 1176; x_wconf 78' lang='lat' dir='ltr'>calcandum</span> <span class='ocrx_word' id='word_1_82' title='bbox 885 1101 1105 1174; x_wconf 77' lang='lat' dir='ltr'>fastum</span> <span class='ocrx_word' id='word_1_83' title='bbox 1149 1104 1635 1187; x_wconf 85' lang='lat' dir='ltr'>philosophicum</span> <span class='ocrx_word' id='word_1_84' title='bbox 1661 1153 1681 1186; x_wconf 90' lang='lat'>,</span> <span class='ocrx_word' id='word_1_85' title='bbox 1720 1110 2103 1186; x_wconf 63' lang='lat' dir='ltr'>carbonarius</span> <span class='ocrx_word' id='word_1_86' title='bbox 2166 1129 2270 1175; x_wconf 81' lang='lat' dir='ltr'>sua</span> <span class='ocrx_word' id='word_1_87' title='bbox 2312 1122 2523 1190; x_wconf 84' lang='lat' dir='ltr'>sponte</span> <span class='ocrx_word' id='word_1_88' title='bbox 2566 1101 2659 1168; x_wconf 78' lang='lat' dir='ltr'>fa·</span> 
     </span>
     <span class='ocr_line' id='line_1_12' title="bbox 501 1185 2657 1275; baseline -0.004 -19"><span class='ocrx_word' id='word_1_89' title='bbox 501 1208 629 1256; x_wconf 89' lang='lat' dir='ltr'>ctus</span> <span class='ocrx_word' id='word_1_90' title='bbox 669 1187 884 1266; x_wconf 77' lang='lat' dir='ltr'>suerit,</span> <span class='ocrx_word' id='word_1_91' title='bbox 932 1185 1250 1254; x_wconf 87' lang='lat' dir='ltr'>Comanae</span> <span class='ocrx_word' id='word_1_92' title='bbox 1289 1189 1549 1254; x_wconf 87' lang='lat' dir='ltr'>civitatis</span> <span class='ocrx_word' id='word_1_93' title='bbox 1590 1190 1897 1275; x_wconf 69' lang='lat' dir='ltr'>ordinatus</span> <span class='ocrx_word' id='word_1_94' title='bbox 1943 1190 2275 1273; x_wconf 83' lang='lat' dir='ltr'>Episcopus</span> <span class='ocrx_word' id='word_1_95' title='bbox 2316 1211 2351 1253; x_wconf 87' lang='lat' dir='ltr'>a</span> <span class='ocrx_word' id='word_1_96' title='bbox 2392 1189 2453 1255; x_wconf 91' lang='lat' dir='ltr'>S.</span> <span class='ocrx_word' id='word_1_97' title='bbox 2494 1186 2657 1253; x_wconf 87' lang='lat' dir='ltr'>Gre-</span> 
     </span>
     <span class='ocr_line' id='line_1_13' title="bbox 501 1267 2660 1365; baseline -0.002 -28"><span class='ocrx_word' id='word_1_98' title='bbox 501 1271 677 1352; x_wconf 80' lang='lat' dir='ltr'>gorio</span> <span class='ocrx_word' id='word_1_99' title='bbox 705 1270 1178 1346; x_wconf 87' lang='lat' dir='ltr'>Thaumaturgo</span> <span class='ocrx_word' id='word_1_100' title='bbox 1203 1315 1222 1349; x_wconf 93' lang='lat'>,</span> <span class='ocrx_word' id='word_1_101' title='bbox 1265 1269 1516 1365; x_wconf 78' lang='lat' dir='ltr'>Martyr</span> <span class='ocrx_word' id='word_1_102' title='bbox 1556 1272 1817 1339; x_wconf 86' lang='lat' dir='ltr'>flammis</span> <span class='ocrx_word' id='word_1_103' title='bbox 1858 1273 2109 1340; x_wconf 86' lang='lat' dir='ltr'>traditus</span> <span class='ocrx_word' id='word_1_104' title='bbox 2148 1273 2224 1337; x_wconf 89' lang='lat' dir='ltr'>ad</span> <span class='ocrx_word' id='word_1_105' title='bbox 2266 1269 2497 1339; x_wconf 87' lang='lat' dir='ltr'>coelum</span> <span class='ocrx_word' id='word_1_106' title='bbox 2539 1267 2660 1334; x_wconf 86' lang='lat' dir='ltr'>mi·-</span> 
     </span>
     <span class='ocr_line' id='line_1_14' title="bbox 499 1349 1745 1437; baseline 0 -20"><span class='ocrx_word' id='word_1_107' title='bbox 499 1354 736 1437; x_wconf 81' lang='lat' dir='ltr'>gravit.</span> <span class='ocrx_word' id='word_1_108' title='bbox 782 1349 879 1416; x_wconf 85' lang='lat' dir='ltr'>lta</span> <span class='ocrx_word' id='word_1_109' title='bbox 922 1349 984 1421; x_wconf 84' lang='lat' dir='ltr'>S.</span> <span class='ocrx_word' id='word_1_110' title='bbox 1024 1351 1354 1430; x_wconf 74' lang='lat' dir='ltr'>Gregorius</span> <span class='ocrx_word' id='word_1_111' title='bbox 1399 1351 1745 1432; x_wconf 84' lang='lat' dir='ltr'>Nyssenus.</span> 
     </span>
    </p>

    <p class='ocr_par' dir='ltr' id='par_1_4' title="bbox 505 1429 2667 1772">
     <span class='ocr_line' id='line_1_15' title="bbox 587 1429 2659 1521; baseline -0.001 -22"><span class='ocrx_word' id='word_1_112' title='bbox 587 1429 925 1501; x_wconf 79' lang='lat' dir='ltr'>Alexander</span> <span class='ocrx_word' id='word_1_113' title='bbox 963 1477 988 1510; x_wconf 91' lang='lat'>,</span> <span class='ocrx_word' id='word_1_114' title='bbox 1049 1432 1404 1500; x_wconf 81' lang='lat' dir='ltr'>Pelo-Plato</span> <span class='ocrx_word' id='word_1_115' title='bbox 1463 1437 1659 1501; x_wconf 87' lang='lat' dir='ltr'>dictus</span> <span class='ocrx_word' id='word_1_116' title='bbox 1695 1479 1718 1514; x_wconf 88' lang='lat'>,</span> <span class='ocrx_word' id='word_1_117' title='bbox 1807 1434 1953 1521; x_wconf 86' lang='lat' dir='ltr'>quia</span> <span class='ocrx_word' id='word_1_118' title='bbox 2012 1430 2177 1501; x_wconf 90' lang='lat' dir='ltr'>male</span> <span class='ocrx_word' id='word_1_119' title='bbox 2236 1435 2659 1514; x_wconf 83' lang='lat' dir='ltr'>interpretatus</span> 
     </span>
     <span class='ocr_line' id='line_1_16' title="bbox 505 1510 2663 1593; baseline -0.003 -10"><span class='ocrx_word' id='word_1_120' title='bbox 505 1515 875 1592; x_wconf 84' lang='lat' dir='ltr'>Platonem,</span> <span class='ocrx_word' id='word_1_121' title='bbox 913 1510 1188 1584; x_wconf 82' lang='lat' dir='ltr'>Seleucus</span> <span class='ocrx_word' id='word_1_122' title='bbox 1255 1515 1487 1593; x_wconf 86' lang='lat' dir='ltr'>patria,</span> <span class='ocrx_word' id='word_1_123' title='bbox 1530 1515 1774 1583; x_wconf 86' lang='lat' dir='ltr'>Romae</span> <span class='ocrx_word' id='word_1_124' title='bbox 1830 1517 2033 1584; x_wconf 86' lang='lat' dir='ltr'>docuit</span> <span class='ocrx_word' id='word_1_125' title='bbox 2088 1517 2199 1583; x_wconf 83' lang='lat' dir='ltr'>sub</span> <span class='ocrx_word' id='word_1_126' title='bbox 2258 1517 2479 1582; x_wconf 80' lang='lat' dir='ltr'>Marco</span> <span class='ocrx_word' id='word_1_127' title='bbox 2526 1511 2663 1577; x_wconf 84' lang='lat' dir='ltr'>Au-</span> 
     </span>
     <span class='ocr_line' id='line_1_17' title="bbox 509 1595 2665 1678; baseline -0.003 -15"><span class='ocrx_word' id='word_1_128' title='bbox 509 1597 662 1664; x_wconf 88' lang='lat' dir='ltr'>relio</span> <span class='ocrx_word' id='word_1_129' title='bbox 707 1595 1120 1678; x_wconf 81' lang='lat' dir='ltr'>Imperatore.</span> <span class='ocrx_word' id='word_1_130' title='bbox 1183 1595 1337 1668; x_wconf 80' lang='lat' dir='ltr'>Erat</span> <span class='ocrx_word' id='word_1_131' title='bbox 1377 1595 1529 1663; x_wconf 81' lang='lat' dir='ltr'>facie</span> <span class='ocrx_word' id='word_1_132' title='bbox 1572 1597 2041 1678; x_wconf 77' lang='lat' dir='ltr'>pulcherrimus,</span> <span class='ocrx_word' id='word_1_133' title='bbox 2102 1597 2200 1666; x_wconf 85' lang='lat' dir='ltr'>Ita</span> <span class='ocrx_word' id='word_1_134' title='bbox 2264 1595 2665 1663; x_wconf 77' lang='lat' dir='ltr'>Philostratus</span> 
     </span>
     <span class='ocr_line' id='line_1_18' title="bbox 511 1671 2667 1772; baseline -0.003 -27"><span class='ocrx_word' id='word_1_135' title='bbox 511 1671 573 1746; x_wconf 88' lang='lat' dir='ltr'>in</span> <span class='ocrx_word' id='word_1_136' title='bbox 617 1674 777 1772; x_wconf 58' lang='lat' dir='ltr'>Viris:</span> <span class='ocrx_word' id='word_1_137' title='bbox 811 1672 1255 1772; x_wconf 63' lang='lat' dir='ltr'>spphe‘starupv.</span> <span class='ocrx_word' id='word_1_138' title='bbox 1317 1677 1470 1760; x_wconf 86' lang='lat' dir='ltr'>Ejus</span> <span class='ocrx_word' id='word_1_139' title='bbox 1512 1675 1941 1750; x_wconf 80' lang='lat' dir='ltr'>commentarii</span> <span class='ocrx_word' id='word_1_140' title='bbox 1977 1678 2381 1750; x_wconf 75' lang='lat' dir='ltr'>desiderantur</span> <span class='ocrx_word' id='word_1_141' title='bbox 2417 1723 2440 1745; x_wconf 88' lang='lat'><strong>.</strong></span> <span class='ocrx_word' id='word_1_142' title='bbox 2500 1673 2667 1742; x_wconf 85' lang='lat' dir='ltr'>Vide</span> 
     </span>
    </p>

    <p class='ocr_par' dir='ltr' id='par_1_5' title="bbox 474 1759 2281 1840">
     <span class='ocr_line' id='line_1_19' title="bbox 474 1759 2281 1840; baseline -0.001 -13"><span class='ocrx_word' id='word_1_143' title='bbox 474 1761 570 1833; x_wconf 61' lang='lat' dir='ltr'>ju</span> <span class='ocrx_word' id='word_1_144' title='bbox 611 1767 935 1838; x_wconf 74' lang='lat' dir='ltr'>Specrmme</span> <span class='ocrx_word' id='word_1_145' title='bbox 974 1761 1048 1825; x_wconf 88' lang='lat' dir='ltr'>de</span> <span class='ocrx_word' id='word_1_146' title='bbox 1084 1759 1219 1826; x_wconf 82' lang='lat' dir='ltr'>altis</span> <span class='ocrx_word' id='word_1_147' title='bbox 1261 1759 1402 1826; x_wconf 87' lang='lat' dir='ltr'>viris</span> <span class='ocrx_word' id='word_1_148' title='bbox 1443 1761 1633 1827; x_wconf 86' lang='lat' dir='ltr'>doctis</span> <span class='ocrx_word' id='word_1_149' title='bbox 1674 1761 1941 1840; x_wconf 88' lang='lat' dir='ltr'>ejusdem</span> <span class='ocrx_word' id='word_1_150' title='bbox 1978 1761 2281 1828; x_wconf 81' lang='lat' dir='ltr'>nominis.</span> 
     </span>
    </p>

    <p class='ocr_par' dir='ltr' id='par_1_6' title="bbox 511 1835 2669 2005">
     <span class='ocr_line' id='line_1_20' title="bbox 587 1835 2669 1928; baseline -0.004 -18"><span class='ocrx_word' id='word_1_151' title='bbox 587 1838 921 1922; x_wconf 72' lang='lat' dir='ltr'>Atestinus,</span> <span class='ocrx_word' id='word_1_152' title='bbox 961 1839 1284 1921; x_wconf 81' lang='lat' dir='ltr'>molestus,</span> <span class='ocrx_word' id='word_1_153' title='bbox 1329 1841 1426 1907; x_wconf 88' lang='lat' dir='ltr'>sed</span> <span class='ocrx_word' id='word_1_154' title='bbox 1447 1843 1712 1928; x_wconf 83' lang='lat' dir='ltr'>minutus</span> <span class='ocrx_word' id='word_1_155' title='bbox 1747 1841 1994 1908; x_wconf 87' lang='lat' dir='ltr'>Philoso</span> <span class='ocrx_word' id='word_1_156' title='bbox 2039 1840 2149 1908; x_wconf 86' lang='lat' dir='ltr'>hus</span> <span class='ocrx_word' id='word_1_157' title='bbox 2189 1840 2290 1926; x_wconf 88' lang='lat' dir='ltr'>qui</span> <span class='ocrx_word' id='word_1_158' title='bbox 2333 1835 2669 1920; x_wconf 83' lang='lat' dir='ltr'>contortis,</span> 
     </span>
     <span class='ocr_line' id='line_1_21' title="bbox 511 1863 2627 2005; baseline -0.004 -11"><span class='ocrx_word' id='word_1_159' title='bbox 511 1943 575 1994; x_wconf 81' lang='lat' dir='ltr'>et</span> <span class='ocrx_word' id='word_1_160' title='bbox 614 1923 907 1992; x_wconf 79' lang='lat' dir='ltr'>aculeatis</span> <span class='ocrx_word' id='word_1_161' title='bbox 948 1921 1422 2005; x_wconf 84' lang='lat' dir='ltr'>sophismatibus</span> <span class='ocrx_word' id='word_1_162' title='bbox 1457 1925 1782 1990; x_wconf 86' lang='lat' dir='ltr'>utebatur.</span> <span class='ocrx_word' id='word_1_163' title='bbox 1830 1921 1931 1996; x_wconf 78' lang='lat' dir='ltr'>Ita</span> <span class='ocrx_word' id='word_1_164' title='bbox 1973 1863 2193 1994; x_wconf 57' lang='lat' dir='ltr'>gicero</span> <span class='ocrx_word' id='word_1_165' title='bbox 2236 1923 2298 1987; x_wconf 88' lang='lat' dir='ltr'>in</span> <span class='ocrx_word' id='word_1_166' title='bbox 2344 1919 2627 1988; x_wconf 59' lang='lat' dir='ltr'>Iste-ullo.</span> 
     </span>
    </p>

    <p class='ocr_par' dir='ltr' id='par_1_7' title="bbox 509 1999 2679 2646">
     <span class='ocr_line' id='line_1_22' title="bbox 591 1999 2673 2088; baseline -0.004 -13"><span class='ocrx_word' id='word_1_167' title='bbox 591 2003 842 2088; x_wconf 74' lang='lat' dir='ltr'>Alea-io,</span> <span class='ocrx_word' id='word_1_168' title='bbox 902 2003 1190 2076; x_wconf 83' lang='lat' dir='ltr'>excellens</span> <span class='ocrx_word' id='word_1_169' title='bbox 1249 2002 1533 2074; x_wconf 84' lang='lat' dir='ltr'>Medicus</span> <span class='ocrx_word' id='word_1_170' title='bbox 1574 2005 1860 2076; x_wconf 85' lang='lat' dir='ltr'>Ciceroni</span> <span class='ocrx_word' id='word_1_171' title='bbox 1922 2003 1982 2070; x_wconf 83' lang='lat' dir='ltr'>iu</span> <span class='ocrx_word' id='word_1_172' title='bbox 2043 2003 2257 2086; x_wconf 84' lang='lat' dir='ltr'>primis</span> <span class='ocrx_word' id='word_1_173' title='bbox 2316 2004 2529 2072; x_wconf 86' lang='lat' dir='ltr'>charus</span> <span class='ocrx_word' id='word_1_174' title='bbox 2586 1999 2673 2067; x_wconf 84' lang='lat' dir='ltr'>ob</span> 
     </span>
     <span class='ocr_line' id='line_1_23' title="bbox 511 2086 2673 2170; baseline -0.003 -15"><span class='ocrx_word' id='word_1_175' title='bbox 511 2111 684 2156; x_wconf 84' lang='lat' dir='ltr'>suam</span> <span class='ocrx_word' id='word_1_176' title='bbox 727 2087 1198 2162; x_wconf 80' lang='lat' dir='ltr'>humanitatem,</span> <span class='ocrx_word' id='word_1_177' title='bbox 1237 2104 1296 2149; x_wconf 90' lang='lat' dir='ltr'>et</span> <span class='ocrx_word' id='word_1_178' title='bbox 1337 2087 1737 2155; x_wconf 88' lang='lat' dir='ltr'>suavitatem.</span> <span class='ocrx_word' id='word_1_179' title='bbox 1782 2086 2129 2170; x_wconf 82' lang='lat' dir='ltr'>Improviso</span> <span class='ocrx_word' id='word_1_180' title='bbox 2168 2086 2385 2154; x_wconf 87' lang='lat' dir='ltr'>morbo</span> <span class='ocrx_word' id='word_1_181' title='bbox 2426 2103 2673 2168; x_wconf 86' lang='lat' dir='ltr'>oppres·</span> 
     </span>
     <span class='ocr_line' id='line_1_24' title="bbox 515 2164 2675 2259; baseline -0.002 -24"><span class='ocrx_word' id='word_1_182' title='bbox 515 2192 612 2238; x_wconf 81' lang='lat' dir='ltr'>sus</span> <span class='ocrx_word' id='word_1_183' title='bbox 653 2169 848 2249; x_wconf 81' lang='lat' dir='ltr'>obiit,</span> <span class='ocrx_word' id='word_1_184' title='bbox 887 2165 1032 2259; x_wconf 68' lang='lat' dir='ltr'>licet</span> <span class='ocrx_word' id='word_1_185' title='bbox 1068 2164 1242 2242; x_wconf 86' lang='lat' dir='ltr'>valde</span> <span class='ocrx_word' id='word_1_186' title='bbox 1283 2167 1356 2259; x_wconf 46' lang='lat' dir='ltr'>in·</span> <span class='ocrx_word' id='word_1_187' title='bbox 1387 2167 1592 2250; x_wconf 87' lang='lat' dir='ltr'>victu,</span> <span class='ocrx_word' id='word_1_188' title='bbox 1634 2186 1696 2236; x_wconf 88' lang='lat' dir='ltr'>et</span> <span class='ocrx_word' id='word_1_189' title='bbox 1739 2169 1863 2234; x_wconf 86' lang='lat' dir='ltr'>vita</span> <span class='ocrx_word' id='word_1_190' title='bbox 1906 2185 2281 2252; x_wconf 82' lang='lat' dir='ltr'>temperans.</span> <span class='ocrx_word' id='word_1_191' title='bbox 2326 2168 2425 2243; x_wconf 87' lang='lat' dir='ltr'>De</span> <span class='ocrx_word' id='word_1_192' title='bbox 2452 2189 2539 2247; x_wconf 63' lang='lat' dir='ltr'>,eo</span> <span class='ocrx_word' id='word_1_193' title='bbox 2581 2164 2675 2232; x_wconf 88' lang='lat' dir='ltr'>lo-</span> 
     </span>
     <span class='ocr_line' id='line_1_25' title="bbox 509 2246 2675 2338; baseline -0.003 -20"><span class='ocrx_word' id='word_1_194' title='bbox 509 2252 715 2338; x_wconf 85' lang='lat' dir='ltr'>quitur</span> <span class='ocrx_word' id='word_1_195' title='bbox 736 2250 959 2317; x_wconf 87' lang='lat' dir='ltr'>Cicero</span> <span class='ocrx_word' id='word_1_196' title='bbox 983 2246 1093 2314; x_wconf 75' lang='lat' dir='ltr'>leb.</span> <span class='ocrx_word' id='word_1_197' title='bbox 1125 2250 1513 2333; x_wconf 56' lang='lat' dir='ltr'>xsaepmola</span> <span class='ocrx_word' id='word_1_198' title='bbox 1544 2252 1690 2317; x_wconf 85' lang='lat' dir='ltr'>1.ad</span> <span class='ocrx_word' id='word_1_199' title='bbox 1736 2250 2057 2317; x_wconf 84' lang='lat' dir='ltr'>Atticum.</span> <span class='ocrx_word' id='word_1_200' title='bbox 2080 2252 2179 2317; x_wconf 89' lang='lat' dir='ltr'>De</span> <span class='ocrx_word' id='word_1_201' title='bbox 2194 2251 2445 2329; x_wconf 88' lang='lat' dir='ltr'>eodem,</span> <span class='ocrx_word' id='word_1_202' title='bbox 2483 2248 2675 2335; x_wconf 84' lang='lat' dir='ltr'>deque</span> 
     </span>
     <span class='ocr_line' id='line_1_26' title="bbox 515 2326 2675 2417; baseline -0.003 -18"><span class='ocrx_word' id='word_1_203' title='bbox 515 2332 644 2411; x_wconf 79' lang='lat' dir='ltr'>ejus</span> <span class='ocrx_word' id='word_1_204' title='bbox 684 2349 1039 2399; x_wconf 84' lang='lat' dir='ltr'>testamento</span> <span class='ocrx_word' id='word_1_205' title='bbox 1079 2330 1107 2407; x_wconf 90' lang='lat'>(</span> <span class='ocrx_word' id='word_1_206' title='bbox 1151 2334 1224 2403; x_wconf 87' lang='lat' dir='ltr'>de</span> <span class='ocrx_word' id='word_1_207' title='bbox 1267 2352 1390 2415; x_wconf 88' lang='lat' dir='ltr'>quo</span> <span class='ocrx_word' id='word_1_208' title='bbox 1431 2350 1560 2397; x_wconf 87' lang='lat' dir='ltr'>erat</span> <span class='ocrx_word' id='word_1_209' title='bbox 1604 2331 1947 2411; x_wconf 84' lang='lat' dir='ltr'>sollicitus)</span> <span class='ocrx_word' id='word_1_210' title='bbox 1989 2332 2257 2416; x_wconf 86' lang='lat' dir='ltr'>loquitur</span> <span class='ocrx_word' id='word_1_211' title='bbox 2294 2333 2480 2399; x_wconf 83' lang='lat' dir='ltr'>etiam</span> <span class='ocrx_word' id='word_1_212' title='bbox 2528 2326 2675 2417; x_wconf 85' lang='lat' dir='ltr'>Epi·-</span> 
     </span>
     <span class='ocr_line' id='line_1_27' title="bbox 515 2410 2673 2505; baseline -0.004 -22"><span class='ocrx_word' id='word_1_213' title='bbox 515 2418 670 2493; x_wconf 81' lang='lat' dir='ltr'>stola</span> <span class='ocrx_word' id='word_1_214' title='bbox 717 2434 774 2479; x_wconf 90' lang='lat'>2.</span> <span class='ocrx_word' id='word_1_215' title='bbox 815 2430 876 2476; x_wconf 88' lang='lat' dir='ltr'>et</span> <span class='ocrx_word' id='word_1_216' title='bbox 921 2433 981 2505; x_wconf 75' lang='lat'>3.</span> <span class='ocrx_word' id='word_1_217' title='bbox 1026 2411 1370 2479; x_wconf 86' lang='lat' dir='ltr'>Certiorem</span> <span class='ocrx_word' id='word_1_218' title='bbox 1413 2436 1476 2479; x_wconf 90' lang='lat' dir='ltr'>se</span> <span class='ocrx_word' id='word_1_219' title='bbox 1516 2410 1739 2481; x_wconf 81' lang='lat' dir='ltr'>factum</span> <span class='ocrx_word' id='word_1_220' title='bbox 1786 2414 1858 2477; x_wconf 90' lang='lat' dir='ltr'>de</span> <span class='ocrx_word' id='word_1_221' title='bbox 1900 2432 2262 2479; x_wconf 87' lang='lat' dir='ltr'>testamento</span> <span class='ocrx_word' id='word_1_222' title='bbox 2323 2412 2547 2483; x_wconf 88' lang='lat' dir='ltr'>indicat</span> <span class='ocrx_word' id='word_1_223' title='bbox 2568 2413 2673 2499; x_wconf 56' lang='lat' dir='ltr'>gin</span> 
     </span>
     <span class='ocr_line' id='line_1_28' title="bbox 515 2492 2679 2591; baseline -0.001 -29"><span class='ocrx_word' id='word_1_224' title='bbox 515 2495 656 2565; x_wconf 86' lang='lat' dir='ltr'>aliis</span> <span class='ocrx_word' id='word_1_225' title='bbox 699 2492 1022 2589; x_wconf 59' lang='lat' dir='ltr'>Epistolrs.</span> <span class='ocrx_word' id='word_1_226' title='bbox 1067 2494 1337 2565; x_wconf 85' lang='lat' dir='ltr'>Forsitan</span> <span class='ocrx_word' id='word_1_227' title='bbox 1375 2496 1719 2582; x_wconf 83' lang='lat' dir='ltr'>expectabat</span> <span class='ocrx_word' id='word_1_228' title='bbox 1744 2494 2010 2576; x_wconf 88' lang='lat' dir='ltr'>Cicero,</span> <span class='ocrx_word' id='word_1_229' title='bbox 2052 2516 2115 2567; x_wconf 88' lang='lat' dir='ltr'>se</span> <span class='ocrx_word' id='word_1_230' title='bbox 2156 2495 2433 2591; x_wconf 61' lang='lat' dir='ltr'>heredem</span> <span class='ocrx_word' id='word_1_231' title='bbox 2474 2494 2679 2590; x_wconf 53' lang='lat' dir='ltr'>ab,eo⁴</span> 
     </span>
     <span class='ocr_line' id='line_1_29' title="bbox 517 2596 2297 2646; baseline -0.003 0"><span class='ocrx_word' id='word_1_232' title='bbox 517 2600 708 2646; x_wconf 84' lang='lat' dir='ltr'>nuncu</span> <span class='ocrx_word' id='word_1_233' title='bbox 753 2596 839 2641; x_wconf 84' lang='lat' dir='ltr'>art</span> <span class='ocrx_word' id='word_1_234' title='bbox 869 2622 891 2641; x_wconf 88' lang='lat'><strong>.</strong></span> <span class='ocrx_word' id='word_1_235' title='bbox 1081 2624 1092 2634; x_wconf 87' lang='lat'><strong><em>.</em></strong></span> <span class='ocrx_word' id='word_1_236' title='bbox 1879 2596 1887 2603; x_wconf 90' lang='lat'>·</span> <span class='ocrx_word' id='word_1_237' title='bbox 2242 2626 2249 2635; x_wconf 93' lang='lat'>.</span> <span class='ocrx_word' id='word_1_238' title='bbox 2294 2599 2297 2607; x_wconf 63' lang='lat'>²</span> 
     </span>
    </p>

    <p class='ocr_par' dir='ltr' id='par_1_8' title="bbox 513 2600 2679 2972">
     <span class='ocr_line' id='line_1_30' title="bbox 599 2600 2677 2744; baseline -0.003 -15"><span class='ocrx_word' id='word_1_239' title='bbox 599 2600 814 2729; x_wconf 50' lang='lat' dir='ltr'>Alessis</span> <span class='ocrx_word' id='word_1_240' title='bbox 841 2706 862 2739; x_wconf 91' lang='lat'>,</span> <span class='ocrx_word' id='word_1_241' title='bbox 907 2674 974 2723; x_wconf 90' lang='lat' dir='ltr'>ut</span> <span class='ocrx_word' id='word_1_242' title='bbox 1012 2655 1314 2739; x_wconf 85' lang='lat' dir='ltr'>arbitror,</span> <span class='ocrx_word' id='word_1_243' title='bbox 1358 2657 1671 2725; x_wconf 87' lang='lat' dir='ltr'>Ciceronis</span> <span class='ocrx_word' id='word_1_244' title='bbox 1716 2657 2211 2744; x_wconf 54' lang='grc' dir='ltr'>ἥδηται-,φατι</span> <span class='ocrx_word' id='word_1_245' title='bbox 2252 2676 2495 2738; x_wconf 82' lang='lat' dir='ltr'>aegrum</span> <span class='ocrx_word' id='word_1_246' title='bbox 2537 2652 2677 2723; x_wconf 86' lang='lat' dir='ltr'>Ro-</span> 
     </span>
     <span class='ocr_line' id='line_1_31' title="bbox 515 2737 2679 2825; baseline -0.002 -17"><span class='ocrx_word' id='word_1_247' title='bbox 515 2763 682 2808; x_wconf 86' lang='lat' dir='ltr'>mam</span> <span class='ocrx_word' id='word_1_248' title='bbox 723 2740 947 2807; x_wconf 89' lang='lat' dir='ltr'>Cicero</span> <span class='ocrx_word' id='word_1_249' title='bbox 989 2739 1261 2815; x_wconf 85' lang='lat' dir='ltr'>remisit,</span> <span class='ocrx_word' id='word_1_250' title='bbox 1301 2739 1537 2805; x_wconf 82' lang='lat' dir='ltr'>videtur</span> <span class='ocrx_word' id='word_1_251' title='bbox 1581 2741 1884 2810; x_wconf 83' lang='lat' dir='ltr'>litteratus</span> <span class='ocrx_word' id='word_1_252' title='bbox 1927 2737 2106 2807; x_wconf 77' lang='lat' dir='ltr'>fuisse</span> <span class='ocrx_word' id='word_1_253' title='bbox 2150 2763 2173 2825; x_wconf 82' lang='lat'>3</span> <span class='ocrx_word' id='word_1_254' title='bbox 2234 2760 2369 2805; x_wconf 88' lang='lat' dir='ltr'>eum</span> <span class='ocrx_word' id='word_1_255' title='bbox 2410 2741 2575 2807; x_wconf 86' lang='lat' dir='ltr'>enim</span> <span class='ocrx_word' id='word_1_256' title='bbox 2622 2739 2679 2804; x_wconf 88' lang='lat' dir='ltr'>i-</span> 
     </span>
     <span class='ocr_line' id='line_1_32' title="bbox 513 2818 2677 2972; baseline -0.001 -83"><span class='ocrx_word' id='word_1_257' title='bbox 513 2825 817 2972; x_wconf 47' lang='lat' dir='ltr'>angium!</span> <span class='ocrx_word' id='word_1_258' title='bbox 859 2820 1117 2890; x_wconf 80' lang='lat' dir='ltr'>Tironis</span> <span class='ocrx_word' id='word_1_259' title='bbox 1175 2820 1504 2889; x_wconf 87' lang='lat' dir='ltr'>doctissimi</span> <span class='ocrx_word' id='word_1_260' title='bbox 1567 2822 1831 2917; x_wconf 84' lang='lat' dir='ltr'>appellat</span> <span class='ocrx_word' id='word_1_261' title='bbox 1890 2820 2251 2911; x_wconf 79' lang='lat' dir='ltr'>Epistola9.</span> <span class='ocrx_word' id='word_1_262' title='bbox 2294 2818 2407 2891; x_wconf 75' lang='lat' dir='ltr'>tib.</span> <span class='ocrx_word' id='word_1_263' title='bbox 2459 2842 2554 2887; x_wconf 77' lang='grc' dir='ltr'>η.</span> <span class='ocrx_word' id='word_1_264' title='bbox 2598 2818 2677 2887; x_wconf 84' lang='lat' dir='ltr'>ad</span> 
     </span>
    </p>

    <p class='ocr_par' dir='ltr' id='par_1_9' title="bbox 576 2923 830 2972">
     <span class='ocr_line' id='line_1_33' title="bbox 576 2923 830 2972; baseline 0 -1"><span class='ocrx_word' id='word_1_265' title='bbox 576 2923 830 2972; x_wconf 72' lang='lat' dir='ltr'>tracum.</span> 
     </span>
    </p>

    <p class='ocr_par' dir='ltr' id='par_1_10' title="bbox 519 2980 2680 3395">
     <span class='ocr_line' id='line_1_34' title="bbox 601 2980 2680 3081; baseline -0.003 -26"><span class='ocrx_word' id='word_1_266' title='bbox 601 2987 1024 3080; x_wconf 37' lang='lat' dir='ltr'>Alimentus(</span> <span class='ocrx_word' id='word_1_267' title='bbox 1066 2984 1286 3051; x_wconf 87' lang='lat' dir='ltr'>Lucius</span> <span class='ocrx_word' id='word_1_268' title='bbox 1318 2984 1639 3081; x_wconf 35' lang='lat' dir='ltr'>‚Cin-cius)</span> <span class='ocrx_word' id='word_1_269' title='bbox 1678 2980 2170 3080; x_wconf 34' lang='lat' dir='ltr'>VideO‘Cincius,</span> <span class='ocrx_word' id='word_1_270' title='bbox 2214 2982 2417 3078; x_wconf 42' lang='lat' dir='ltr'>itt-C,</span> <span class='ocrx_word' id='word_1_271' title='bbox 2458 2980 2561 3076; x_wconf 74' lang='lat' dir='ltr'>ubi</span> <span class='ocrx_word' id='word_1_272' title='bbox 2604 2980 2680 3048; x_wconf 82' lang='lat' dir='ltr'>de</span> 
     </span>
     <span class='ocr_line' id='line_1_35' title="bbox 519 3065 2680 3244; baseline -0.003 -29"><span class='ocrx_word' id='word_1_273' title='bbox 519 3086 722 3244; x_wconf 60' lang='lat'>{5:352</span> <span class='ocrx_word' id='word_1_274' title='bbox 766 3066 1617 3243; x_wconf 55' lang='lat' dir='ltr'>33:5¹33,¹.i;3?12b3¹}20}2</span> <span class='ocrx_word' id='word_1_275' title='bbox 1638 3087 1869 3221; x_wconf 39' lang='lat'>*3532’12&#39;</span> <span class='ocrx_word' id='word_1_276' title='bbox 1877 3065 2433 3241; x_wconf 45' lang='lat' dir='ltr'>mmxlvii&amp;</span> <span class='ocrx_word' id='word_1_277' title='bbox 2472 3084 2680 3238; x_wconf 56' lang='lat'>{3523</span> 
     </span>
     <span class='ocr_line' id='line_1_36' title="bbox 521 3224 2677 3312; baseline -0.004 -14"><span class='ocrx_word' id='word_1_278' title='bbox 521 3248 754 3298; x_wconf 78' lang='lat' dir='ltr'>tionem</span> <span class='ocrx_word' id='word_1_279' title='bbox 797 3247 943 3295; x_wconf 77' lang='lat' dir='ltr'>citat</span> <span class='ocrx_word' id='word_1_280' title='bbox 985 3228 1230 3308; x_wconf 78' lang='lat' dir='ltr'>Livius,</span> <span class='ocrx_word' id='word_1_281' title='bbox 1275 3252 1310 3293; x_wconf 80' lang='lat' dir='ltr'>a</span> <span class='ocrx_word' id='word_1_282' title='bbox 1351 3249 1414 3293; x_wconf 85' lang='lat' dir='ltr'>se</span> <span class='ocrx_word' id='word_1_283' title='bbox 1455 3230 1714 3297; x_wconf 87' lang='lat' dir='ltr'>lectam:</span> <span class='ocrx_word' id='word_1_284' title='bbox 1758 3229 2001 3299; x_wconf 73' lang='lat' dir='ltr'>forsitan</span> <span class='ocrx_word' id='word_1_285' title='bbox 2048 3231 2107 3296; x_wconf 90' lang='lat' dir='ltr'>in</span> <span class='ocrx_word' id='word_1_286' title='bbox 2150 3236 2338 3312; x_wconf 81' lang='lat' dir='ltr'>Opere</span> <span class='ocrx_word' id='word_1_287' title='bbox 2378 3224 2677 3292; x_wconf 66' lang='lat' dir='ltr'>Alimenta</span> 
     </span>
     <span class='ocr_line' id='line_1_37' title="bbox 525 3304 2633 3395; baseline -0.003 -15"><span class='ocrx_word' id='word_1_288' title='bbox 525 3312 601 3381; x_wconf 73' lang='lat' dir='ltr'>de</span> <span class='ocrx_word' id='word_1_289' title='bbox 645 3334 716 3375; x_wconf 89' lang='lat' dir='ltr'>re·</span> <span class='ocrx_word' id='word_1_290' title='bbox 743 3308 1048 3389; x_wconf 79' lang='lat' dir='ltr'>militari,</span> <span class='ocrx_word' id='word_1_291' title='bbox 1091 3310 1250 3395; x_wconf 83' lang='lat' dir='ltr'>quod</span> <span class='ocrx_word' id='word_1_292' title='bbox 1289 3310 1691 3379; x_wconf 84' lang='lat' dir='ltr'>desideratur.</span> <span class='ocrx_word' id='word_1_293' title='bbox 1738 3310 1903 3377; x_wconf 87' lang='lat' dir='ltr'>Vide</span> <span class='ocrx_word' id='word_1_294' title='bbox 1939 3311 2012 3378; x_wconf 85' lang='lat' dir='ltr'>de</span> <span class='ocrx_word' id='word_1_295' title='bbox 2049 3332 2124 3378; x_wconf 89' lang='lat' dir='ltr'>eo</span> <span class='ocrx_word' id='word_1_296' title='bbox 2165 3310 2227 3377; x_wconf 87' lang='lat' dir='ltr'>in</span> <span class='ocrx_word' id='word_1_297' title='bbox 2269 3304 2633 3395; x_wconf 70' lang='lat' dir='ltr'>specimine.</span> 
     </span>
    </p>

    <p class='ocr_par' dir='ltr' id='par_1_11' title="bbox 523 3388 2682 3648">
     <span class='ocr_line' id='line_1_38' title="bbox 601 3388 2677 3479; baseline -0.004 -18"><span class='ocrx_word' id='word_1_298' title='bbox 601 3393 852 3473; x_wconf 76' lang='lat' dir='ltr'>Alfius,</span> <span class='ocrx_word' id='word_1_299' title='bbox 896 3391 1016 3458; x_wconf 91' lang='lat' dir='ltr'>Vir</span> <span class='ocrx_word' id='word_1_300' title='bbox 1061 3391 1440 3472; x_wconf 83' lang='lat' dir='ltr'>Praetorius,</span> <span class='ocrx_word' id='word_1_301' title='bbox 1481 3410 1549 3457; x_wconf 90' lang='lat' dir='ltr'>ut</span> <span class='ocrx_word' id='word_1_302' title='bbox 1592 3390 1819 3479; x_wconf 75' lang='lat' dir='ltr'>Cicero</span> <span class='ocrx_word' id='word_1_303' title='bbox 1863 3392 2079 3460; x_wconf 88' lang='lat' dir='ltr'>indicat</span> <span class='ocrx_word' id='word_1_304' title='bbox 2124 3437 2147 3469; x_wconf 94' lang='lat'>,</span> <span class='ocrx_word' id='word_1_305' title='bbox 2204 3390 2395 3457; x_wconf 88' lang='lat' dir='ltr'>citans</span> <span class='ocrx_word' id='word_1_306' title='bbox 2434 3388 2562 3469; x_wconf 81' lang='lat' dir='ltr'>ejus</span> <span class='ocrx_word' id='word_1_307' title='bbox 2602 3388 2677 3453; x_wconf 88' lang='lat' dir='ltr'>de</span> 
     </span>
     <span class='ocr_line' id='line_1_39' title="bbox 527 3469 2678 3557; baseline -0.002 -16"><span class='ocrx_word' id='word_1_308' title='bbox 527 3475 861 3541; x_wconf 78' lang='lat' dir='ltr'>Ma&#39;estate</span> <span class='ocrx_word' id='word_1_309' title='bbox 902 3469 1184 3539; x_wconf 78' lang='lat' dir='ltr'>Edictum</span> <span class='ocrx_word' id='word_1_310' title='bbox 1228 3470 1502 3553; x_wconf 73' lang='lat' dir='ltr'>Epistola</span> <span class='ocrx_word' id='word_1_311' title='bbox 1550 3495 1603 3539; x_wconf 86' lang='lat'>1.</span> <span class='ocrx_word' id='word_1_312' title='bbox 1626 3474 1703 3539; x_wconf 79' lang='lat' dir='ltr'>ad</span> <span class='ocrx_word' id='word_1_313' title='bbox 1748 3474 2061 3557; x_wconf 66' lang='lat' dir='ltr'>Quintum</span> <span class='ocrx_word' id='word_1_314' title='bbox 2099 3474 2372 3543; x_wconf 83' lang='lat' dir='ltr'>Fratrem</span> <span class='ocrx_word' id='word_1_315' title='bbox 2391 3515 2413 3551; x_wconf 87' lang='lat'>,</span> <span class='ocrx_word' id='word_1_316' title='bbox 2454 3472 2557 3539; x_wconf 84' lang='lat' dir='ltr'>ubi</span> <span class='ocrx_word' id='word_1_317' title='bbox 2601 3470 2678 3536; x_wconf 84' lang='lat' dir='ltr'>de</span> 
     </span>
     <span class='ocr_line' id='line_1_40' title="bbox 523 3550 2682 3648; baseline -0.003 -25"><span class='ocrx_word' id='word_1_318' title='bbox 523 3557 628 3624; x_wconf 86' lang='lat' dir='ltr'>Ga</span> <span class='ocrx_word' id='word_1_319' title='bbox 675 3556 796 3621; x_wconf 89' lang='lat' dir='ltr'>inio</span> <span class='ocrx_word' id='word_1_320' title='bbox 836 3573 1112 3621; x_wconf 87' lang='lat' dir='ltr'>accusato</span> <span class='ocrx_word' id='word_1_321' title='bbox 1147 3596 1169 3632; x_wconf 88' lang='lat'>,</span> <span class='ocrx_word' id='word_1_322' title='bbox 1245 3556 1345 3648; x_wconf 77' lang='lat' dir='ltr'>qui</span> <span class='ocrx_word' id='word_1_323' title='bbox 1405 3576 1686 3624; x_wconf 86' lang='lat' dir='ltr'>concursu</span> <span class='ocrx_word' id='word_1_324' title='bbox 1716 3601 1735 3636; x_wconf 90' lang='lat'>,</span> <span class='ocrx_word' id='word_1_325' title='bbox 1778 3576 1841 3621; x_wconf 87' lang='lat' dir='ltr'>et</span> <span class='ocrx_word' id='word_1_326' title='bbox 1880 3556 2027 3625; x_wconf 88' lang='lat' dir='ltr'>odio</span> <span class='ocrx_word' id='word_1_327' title='bbox 2068 3553 2274 3639; x_wconf 84' lang='lat' dir='ltr'>populi</span> <span class='ocrx_word' id='word_1_328' title='bbox 2336 3572 2485 3638; x_wconf 83' lang='lat' dir='ltr'>pene</span> <span class='ocrx_word' id='word_1_329' title='bbox 2522 3550 2682 3617; x_wconf 81' lang='lat' dir='ltr'>affli-</span> 
     </span>
    </p>

    <p class='ocr_par' dir='ltr' id='par_1_12' title="bbox 421 3631 2677 3946">
     <span class='ocr_line' id='line_1_41' title="bbox 421 3631 2677 3729; baseline -0.002 -25"><span class='ocrx_word' id='word_1_330' title='bbox 421 3656 444 3681; x_wconf 82' lang='lat'><strong>·</strong></span> <span class='ocrx_word' id='word_1_331' title='bbox 521 3656 654 3705; x_wconf 81' lang='lat' dir='ltr'>ctus</span> <span class='ocrx_word' id='word_1_332' title='bbox 697 3635 846 3706; x_wconf 84' lang='lat' dir='ltr'>fuit.</span> <span class='ocrx_word' id='word_1_333' title='bbox 888 3635 1268 3729; x_wconf 51' lang='lat' dir='ltr'>Insequenti</span> <span class='ocrx_word' id='word_1_334' title='bbox 1295 3631 1568 3728; x_wconf 69' lang='lat' dir='ltr'>Epistpla</span> <span class='ocrx_word' id='word_1_335' title='bbox 1588 3638 1777 3703; x_wconf 86' lang='lat' dir='ltr'>multa</span> <span class='ocrx_word' id='word_1_336' title='bbox 1822 3637 1985 3704; x_wconf 86' lang='lat' dir='ltr'>addit</span> <span class='ocrx_word' id='word_1_337' title='bbox 2025 3636 2100 3703; x_wconf 89' lang='lat' dir='ltr'>de</span> <span class='ocrx_word' id='word_1_338' title='bbox 2140 3634 2449 3711; x_wconf 79' lang='lat' dir='ltr'>Gabinio,</span> <span class='ocrx_word' id='word_1_339' title='bbox 2490 3653 2677 3728; x_wconf 74' lang='lat' dir='ltr'>quern</span> 
     </span>
     <span class='ocr_line' id='line_1_42' title="bbox 525 3714 2673 3809; baseline -0 -26"><span class='ocrx_word' id='word_1_340' title='bbox 525 3740 798 3809; x_wconf 83' lang='lat' dir='ltr'>accusare</span> <span class='ocrx_word' id='word_1_341' title='bbox 836 3718 1065 3797; x_wconf 73' lang='lat' dir='ltr'>noluit,</span> <span class='ocrx_word' id='word_1_342' title='bbox 1107 3738 1184 3785; x_wconf 89' lang='lat' dir='ltr'>ne</span> <span class='ocrx_word' id='word_1_343' title='bbox 1231 3718 1589 3798; x_wconf 73' lang='lat' dir='ltr'>Pompemm</span> <span class='ocrx_word' id='word_1_344' title='bbox 1634 3716 1963 3789; x_wconf 82' lang='lat' dir='ltr'>offenderet</span> <span class='ocrx_word' id='word_1_345' title='bbox 2005 3766 2029 3808; x_wconf 83' lang='lat'>,</span> <span class='ocrx_word' id='word_1_346' title='bbox 2084 3718 2235 3789; x_wconf 82' lang='lat' dir='ltr'>licet</span> <span class='ocrx_word' id='word_1_347' title='bbox 2271 3716 2449 3787; x_wconf 85' lang='lat' dir='ltr'>multi</span> <span class='ocrx_word' id='word_1_348' title='bbox 2493 3714 2555 3781; x_wconf 84' lang='lat' dir='ltr'>id</span> <span class='ocrx_word' id='word_1_349' title='bbox 2610 3734 2673 3783; x_wconf 83' lang='lat' dir='ltr'>et·</span> 
     </span>
     <span class='ocr_line' id='line_1_43' title="bbox 527 3797 2567 3946; baseline 0.001 -76"><span class='ocrx_word' id='word_1_350' title='bbox 527 3800 884 3883; x_wconf 65' lang='lat' dir='ltr'>studerent,</span> <span class='ocrx_word' id='word_1_351' title='bbox 923 3798 1084 3871; x_wconf 78' lang='lat' dir='ltr'>iuter</span> <span class='ocrx_word' id='word_1_352' title='bbox 1123 3818 1276 3889; x_wconf 83' lang='lat' dir='ltr'>quos</span> <span class='ocrx_word' id='word_1_353' title='bbox 1313 3797 1631 3871; x_wconf 81' lang='lat' dir='ltr'>Sallustius</span> <span class='ocrx_word' id='word_1_354' title='bbox 1654 3846 1679 3873; x_wconf 87' lang='grc'><strong>.</strong></span> <span class='ocrx_word' id='word_1_355' title='bbox 2223 3824 2235 3830; x_wconf 88' lang='grc'><em>·</em></span> <span class='ocrx_word' id='word_1_356' title='bbox 2448 3884 2567 3946; x_wconf 60' lang='lat' dir='ltr'>Am</span> 
     </span>
    </p>
   </div>
  </div>
 </body>
</html>
