2985 4387
0 871 18 1817 »nuwnwn-—n23-U“T³T²w=
0 452 20 829 ¹253*-

2223 257 2345 327 273

279 343 672 430 “Principes
711 342 928 412 armati
970 357 1080 438 pro
1099 338 1342 424 Repub.
1362 339 1611 433 aliquod
1648 341 1929 412 afferrent
1967 341 2227 412 libertati
2251 345 2433 412 detri-

281 451 596 508 mentum,
664 449 735 494 ac
795 426 1164 509 tyrannidem
1227 427 1286 488 in
1330 447 1507 503 suos,
1546 427 1706 516 quod
1758 447 2181 512 nonnunquam
2230 429 2435 494 Athe-

282 511 378 577 nis
417 511 676 586 accidit,
715 507 826 576 sibi
876 522 1244 586 assererent,
1284 523 1386 572 aut
1429 525 1869 590 pertentarent.
1958 506 2123 576 Idem
2170 510 2247 574 in·
2274 509 2437 575 Car-

277 591 718 674 thaginensium
785 589 1026 668 Repub.
1071 583 1412 652 factitatum
1475 591 1751 654 novimus
1800 633 1822 669 ,
1882 589 1941 656 in
2048 609 2123 656 ua
2186 589 2435 660 politici

287 671 694 754 Magistratus
715 671 965 752 Suffites
1003 670 1142 734 dicti
1173 715 1193 750 ,
1239 669 1314 732 ad
1358 689 1581 736 annum
1623 670 1841 752 electi,
1884 687 1947 737 ut
2041 691 2219 736 omae
2260 671 2437 738 cou-

281 753 480 834 sules,
523 775 614 820 res
655 754 1056 829 domesticas,
1097 767 1156 814 ct
1195 747 1404 816 civiles
1447 750 1847 831 procurabant
1878 800 1898 833 ,
1936 774 2073 818 cum
2116 751 2257 819 beni
2302 753 2439 820 Du-

288 833 758 917 cesImperium
803 835 861 901 in
907 831 1202 912 Hispania
1232 879 1253 912 ,
1299 849 1358 896 et
1405 831 1632 914 Italia,
1672 853 1777 898 aut
1822 835 2015 909 tueri,
2056 851 2161 900 aut
2202 853 2437 916 proten-

287 918 425 983 dere
449 933 668 982 contra
700 917 1049 992 Romanos,
1089 935 1158 976 ac
1181 913 1376 978 hostes
1393 911 1549 980 alios
1571 933 1807 980 armato
1846 914 2044 981 milite
2083 917 2439 985 studebant.

375 995 437 1079 §.
486 1018 581 1063 ιο.
625 995 926 1064 Romulus
967 1012 1164 1060 autem
1227 995 1254 1074 (
1298 1011 1368 1061 ut
1407 995 1478 1059 ad
1522 1017 1657 1060 eum
1689 997 1989 1062 redeamus
2030 999 2059 1074 )
2130 1013 2279 1061 teste
2308 995 2443 1062 Ha-

285 1077 694 1146 licarnassensi
747 1080 1092 1160 Dionysio,
1139 1075 1489 1145 Romanum
1538 1077 1839 1158 Regimen
1884 1077 2147 1143 instituit
2186 1079 2261 1142 ad
2303 1097 2449 1142 nor-

287 1179 454 1234 mam
501 1159 876 1227 Graecarum
948 1157 1558 1236 Rerumpublicarum
1602 1207 1621 1239 ,
1682 1179 1935 1242 quarum
2002 1160 2267 1224 instituta
2314 1179 2439 1223 nou

287 1239 654 1322 ignorabat,
695 1258 756 1308 et
801 1241 858 1306 in
903 1241 1120 1326 quibus
1183 1238 1420 1319 vigebat
1481 1239 1593 1312 νεὶ
1630 1239 2077 1308 Democraticus
2122 1286 2143 1322 ,
2205 1239 2298 1304 vel
2344 1241 2443 1305 A·

289 1323 741 1470 {3⁵‘1‘3f‘2‘35322’
773 1339 1298 1484 mam?
1355 1321 2447 1484 2⁵5³}„53253322551105‘3b2223

1301 1448 1321 1482 ἱ

289 1502 953 1660 exsatiaret?
988 1482 1980 1660 ἢξέῑὲςεῃςῑέξξεςειέῐωξεῑς
1994 1483 2449 1658 agitasti

291 1646 764 1728 Magistratrbus
827 1662 1032 1726 rogata
1075 1667 1094 1709 t
1167 1665 1284 1729 qua
1345 1664 1639 1728 temperie
1698 1646 2085 1725 Plebejorum
2146 1643 2447 1712 consuluit

291 1727 602 1796 libertati.
651 1725 824 1798 Haec
871 1727 1114 1793 libertas
1163 1725 1329 1793 Plebi
1369 1735 1645 1794 'concessa
1671 1770 1695 1806 ,
1736 1747 1793 1792 et
1836 1749 1871 1793 a
1920 1724 2289 1802 Legisiatore
2318 1775 2337 1808 ,
2378 1743 2441 1792 et

293 1809 630 1876 Conditore
671 1809 860 1880 Urbis
903 1807 1366 1890 prudentissimo
1403 1808 1672 1874 stabilita
1716 1855 1737 1890 ,
1776 1827 1847 1876 cx
1916 1808 2127 1874 vicinis
2184 1807 2455 1872 civitati-

293 1890 445 1969 bus,
485 1909 546 1955 et
595 1889 759 1972 pagis
801 1889 1138 1970 complures
1195 1889 1271 1954 ad
1341 1889 1717 1984 incolendam
1781 1906 2004 1956 nouam
2079 1887 2313 1982 Urbem
2357 1896 2455 1953 at'-

295 1974 522 2038 traxit:
565 1991 690 2056 quo
737 1972 898 2036 brevi
947 1971 1148 2038 Roma
1215 1988 1276 2035 et
1335 1972 1561 2036 civium
1606 1969 1987 2038 multitudine
2019 2017 2040 2050 ,
2105 1987 2165 2034 et
2228 1970 2453 2036 viribus

293 2071 468 2127 aucta
511 2071 639 2119 est:
683 2054 844 2148 quod
874 2051 1180 2119 Romulus
1221 2053 1484 2118 maxime
1520 2054 1811 2136 optabat.
1858 2049 2211 2118 Verisimile
2252 2061 2455 2118 autem

295 2155 418 2202 non
437 2149 524 2200 est
543 2178 564 2216 ,
611 2134 832 2200 vicinos
854 2132 1078 2201 incolas
1099 2135 1356 2216 patriam
1375 2139 1553 2201 suam'
1568 2132 1877 2219 reliquisse
1894 2180 1913 2215 ,
1954 2151 2020 2200 ut
2044 2131 2275 2199 Urbem
2298 2132 2463 2200 inco·

299 2214 535 2294 let-ent,
580 2214 642 2279 in
683 2234 808 2299 qua
823 2215 1079 2297 populus
1121 2214 1272 2281 liber
1294 2236 1414 2281 non
1432 2232 1623 2296 esset,
1664 2237 1765 2281 seu
1808 2218 1867 2281 in
1890 2235 2012 2301 qua
2052 2231 2202 2280 esset
2244 2214 2356 2280 sub
2394 2238 2467 2281 u-

303 2296 440 2373 nius
479 2310 816 2391 potestate,
857 2316 994 2363 cum
1039 2312 1184 2362 tunc
1229 2298 1519 2379 temporis
1562 2300 1621 2361 in
1668 2297 1884 2363 Italiae
1953 2296 2165 2362 vicinis
2227 2294 2463 2377 populis

313 2385 437 2444 nob
478 2372 876 2445 Monarclnca
902 2424 925 2456 ,
967 2378 1066 2442 sed
1109 2375 1464 2459 Popularis,
1512 2378 1604 2444 vel
1652 2378 1981 2448 multorum
2000 2394 2153 2445 esset
2194 2378 2465 2445 domina-

307 2462 442 2538 tio,
481 2458 591 2552 sub
634 2478 752 2542 qua
792 2456 1094 2525 difficilius
1137 2477 1225 2523 est
1267 2461 1534 2527 excidere
1576 2458 1657 2526 ab
1695 2458 1903 2527 stabili
1948 2458 2223 2527 libertate
2249 2509 2268 2527 .
2330 2458 2465 2525 Ne-

313 2562 421 2609 mo
461 2559 625 2633 enim
671 2539 926 2606 libenter
967 2560 1106 2606 cum
1150 2540 1436 2611 servitute
1471 2558 1903 2611 commutasset
1939 2560 2119 2621 eam,
2157 2562 2272 2627 qua
2320 2560 2467 2621 gau·

317 2622 496 2691 debat
521 2670 541 2701 ,
585 2622 1024 2688 immunitatem
1046 2668 1066 2689 .
2021 2651 2029 2660 ·

410 2700 468 2787 §.
515 2724 610 2769 ιι.
655 2700 814 2770 iliud
855 2701 912 2769 in
941 2700 1218 2773 Romulo
1297 2694 1731 2774 ardentioribus
1770 2700 2116 2786 displicuit,
2156 2701 2369 2791 quod,
2402 2714 2472 2767 ut

325 2784 659 2853 Coloniam
707 2804 872 2853 suam
915 2787 1086 2851 novis
1129 2786 1262 2853 inco
1291 2790 1338 2853 is
1378 2803 1667 2867 augeret,
1710 2788 1963 2869 Asylum
1984 2784 2359 2851 constituerit
2404 2782 2467 2849 io

317 2886 492 2935 sacro
531 2864 670 2933 luco
708 2911 730 2948 ,
835 2866 950 2931 uod
991 2874 1344 2949 ,Qjcercetum
1385 2865 1803 2949 appellabatur
1846 2865 1998 2931 inter
2036 2863 2466 2947 Capitolium,
2594 2896 2599 2901 ·

319 2966 382 3013 et
427 2885 980 3042 Palatium-,quc
1009 2968 1272 3042 namque
1311 2951 1608 3030 Asylum,
1650 2947 1809 3041 quod
1850 2948 2231 3013 securitatem
2266 2946 2467 3011 omni-

315 3028 430 3095 bus
469 3026 786 3107 flagitiosis
827 3026 1010 3091 dabat
1036 3074 1056 3108 ‚
1101 3048 1513 3111 proximarum
1562 3028 1825 3094 Urbium
1870 3023 2142 3108 faecem,
2206 3045 2307 3094 seu
2350 3024 2464 3092 ho-

309 3109 500 3175 mines
541 3126 800 3201 nequam
825 3147 848 3186 ,
887 3124 950 3173 et
975 3107 1275 3193 supplicio
1293 3110 1505 3191 dignos
1533 3109 1801 3177 Romam
1842 3109 2133 3190 adduxit,
2176 3109 2283 3195 qui
2326 3108 2465 3175 Ro-

310 3208 476 3337 3¹22?
512 3189 890 3337 mai*
923 3209 994 3335 ἓξ
1035 3188 1683 3339 {2⁰3³52222n32‘331‘352
1724 3190 1963 3339 {iffi}
1970 3208 2342 3337 ‘'mmai'‘
2388 3208 2465 3335 'i‘

315 3351 526 3431 bium,
571 3372 782 3445 parum
819 3294 1354 3420 e’ommmd‘inbilem
1395 3354 1817 3419 reddiderunt.-
1863 3353 2083 3423 adeout
2120 3373 2301 3419 nemo
2340 3350 2465 3419 vel-

317 3432 408 3502 let
451 3453 518 3497 ex
568 3434 780 3498 vicinis
819 3436 1085 3515 gentibus
1130 3434 1274 3501 bene
1315 3436 1691 3517 morigeratis
1731 3434 2075 3515 sanguinem
2104 3480 2126 3515 ,
2180 3452 2241 3499 et
2282 3450 2463 3514 genus

321 3512 816 3585 cumRornanis
853 3514 1102 3583 miscere
1133 3540 1161 3581 .-
1225 3516 1386 3613 quod
1429 3518 1486 3581 in
1530 3536 1733 3582 caussa
1774 3512 1931 3595 fuit,
1960 3544 1965 3551 ·
1998 3532 2067 3581 ut
2104 3516 2465 3582 Sabinorum

321 3597 478 3664 filias
521 3596 774 3688 virgines
813 3592 1056 3681 fraude,
1099 3616 1160 3665 et
1205 3619 1265 3665 vt
1309 3614 1508 3679 raptas
1552 3598 1612 3663 in
1656 3594 1836 3662 Ludis
1856 3594 2147 3679 publicis,
2188 3597 2263 3662 ad
2305 3598 2465 3664 hunc

315 3678 498 3745 finem
545 3680 830 3745 institutis
873 3726 896 3761 ,
954 3693 1163 3747 uxores
1206 3700 1338 3748 suas
1377 3678 1676 3759 facerent,
1718 3700 1785 3744 ac
1826 3696 2039 3757 negata
2103 3678 2225 3747 illis
2284 3694 2461 3744 antea

321 3757 612 3840 connubia
641 3808 664 3845 ,
705 3779 771 3829 ut
813 3758 1042 3847 prolem
1085 3761 1517 3849 relinquerent,
1558 3758 1919 3906 cegebrarent
1940 3806 1963 3829 .
2198 3834 2237 3921 ᾗ
2286 3858 2355 3906 n
