2985 4387
1270 288 1451 375 RH.
2267 222 2456 377 193Ι

296 383 583 485 gre-gius}
622 396 983 483 eIegantibus
1028 396 1216 467 variis
1254 400 1483 467 Latinis
1527 443 1550 477 ,
1613 414 1674 466 et
1745 398 2032 484 Hispanis
2073 398 2256 469 editis
2289 399 2454 467 lucu·

295 480 674 551 brationibus
718 484 775 547 in
824 482 1111 563 Hispania
1156 482 1604 547 notusBlasius
1646 478 2000 563 LarraziuS,
2049 483 2243 563 patria⁴
2287 482 2455 548 Cae·

278 582 757 647 ·saraugustanus
786 612 804 646 ,
848 582 1022 648 quem
1067 566 1321 629 nomino
1364 610 1381 637 ,
1444 562 1590 628 licet
1629 564 1712 630 ob
1755 564 1812 630 id
1869 586 2013 631 eum
2079 565 2298 633 iratum
2339 565 2452 629 sim

303 646 661 725 habiturus,
702 666 775 710 ne
819 648 1016 711 videar
1054 644 1177 719 ejus
1224 644 1534 725 laudibus,
1575 645 1647 709 de
1687 664 1763 709 eo
1821 661 2165 729 opportuno
2211 646 2272 713 iu
2316 643 2451 722 loco

303 730 527 806 silens,
574 727 880 791 invidere:
922 728 1081 813 quod
1121 724 1363 790 forsitan
1406 724 1620 793 eruditi
1667 722 1978 807 Hispani,
2023 726 2092 795 in
2129 747 2266 801 eum
2309 724 2457 791 bene

303 809 554 888 affecti,
593 810 1067 953 susgicarentur.
1112 806 1195 873 Ei
1234 802 1510 873 suffectus
1553 804 1668 872 fuit
1711 805 1799 875 N.
1826 810 2070 887 Dorea,
2117 806 2274 889 luris
2318 808 2458 873 Do.

302 909 459 1040 {orl
482 890 693 985 insigni
748 932 767 969 ,
806 888 1143 975 eloquentia
1187 887 1419 969 clarus,
1458 886 1804 956 Canonicus
1846 910 2001 961 nunc
2053 887 2452 957 Gerundensis

288 1002 306 1020 ·
406 994 438 1038 c
464 990 661 1037 esrae.

248 1060 257 1067 '
396 1048 741 1119 Rhetorice.
786 1052 885 1119 De
924 1047 1229 1118 Rhetorice
1268 1047 1461 1117 multa
1539 1048 1816 1135 Quintil.
1856 1044 1968 1120 lib.'
2021 1075 2074 1121 ι.
2125 1050 2226 1120 ubi
2272 1050 2344 1119 de
2384 1072 2459 1118 ea

307 1135 595 1220 quaerit,
638 1152 835 1199 utrum
876 1134 953 1200 sit
1000 1133 1123 1199 Ars
1153 1177 1176 1212 ,
1218 1152 1277 1198 et
1320 1152 1393 1197 an
1424 1130 1514 1229 fit
1543 1132 1754 1201 utilis?
1805 1131 1947 1200 Illic
1989 1136 2119 1212 ait,
2160 1136 2286 1201 sine
2329 1133 2456 1216 Ar·

286 1234 378 1280 ·te
422 1215 847 1293 persuadendi,
888 1236 991 1282 seu
1034 1219 1155 1280 siue
1200 1212 1507 1280 Rhetonce
1544 1214 1864 1281 civitatum
1890 1258 1912 1294 ,
1975 1233 2040 1281 et·
2075 1214 2278 1297 legum
2317 1234 2459 1281 con-

302 1300 531 1362 ditores
584 1318 793 1378 parum
838 1316 1009 1377 posse
1054 1297 1111 1361 in
1153 1296 1513 1362 stabiliendis
1555 1294 1714 1365 bono
1755 1294 1962 1364 ordine
2002 1342 2023 1377 ,
2083 1316 2142 1363 et
2211 1296 2458 1365 concor-‘-

291 1377 413 1442 ‘dia
456 1380 679 1445 civium
733 1420 755 1456 ,
841 1378 1157 1461 legumque
1197 1376 1618 1445 observantia:
1683 1380 1840 1463 quod
1889 1377 2161 1459 evincit,
2221 1378 2462 1449 Romu-

312 1458 443 1526 lum
483 1506 505 1541 ,
567 1464 900 1543 priscosque
961 1458 1275 1526 Romanos
1319 1479 1386 1523 ea
1461 1460 1620 1523 Arte
1676 1460 1986 1527 destitutos
2047 1480 2166 1525 non
2225 1460 2398 1527 fuisse
2439 1481 2458 1521 τ

316 1540 660 1625 quinimmo
702 1542 763 1605 in
804 1540 1009 1605 eadem
1050 1539 1420 1606 excelluisse.
1466 1538 1771 1609 ASiculis
1814 1539 1958 1606 haec
1997 1548 2116 1606 Ars
2143 1542 2312 1622 ³tanti
2357 1538 2462 1604 fie-

314 1622 428 1705 bat
470 1669 491 1703 ,
552 1641 619 1689 ut
650 1632 855 1697 ,Corax
888 1664 911 1699 ,
970 1620 1073 1705 qui
1118 1620 1189 1685 de
1234 1620 1343 1688 hac
1382 1628 1534 1686 Arte
1574 1619 1688 1689 lib.
1731 1619 1912 1686 edidit
1949 1669 1971 1701 ,
2031 1642 2172 1687 eam
2229 1622 2463 1693 doceret

312 1701 487 1795 mill‘e
526 1702 943 1789 drachmarum
986 1702 1323 1784 mercede',
1393 1719 1429 1767 a
1492 1700 1742 1784 singulis
1797 1700 2058 1770 alumnis
2115 1700 2396 1781 solvenda
2440 1746 2459 1765 .

300 1781 534 1852 eTr'saeaes
570 1785 817 1872 quidam
861 1784 1107 1865 cupidus
1148 1782 1301 1849 hanc
1358 1791 1566 1849 Artem
1628 1784 1956 1850 addiscendi
2003 1824 2027 1862 ,
2089 1800 2148 1848 et
2191 1804 2309 1848 non
2353 1783 2463 1849 ha-

260 1891 267 1897 ·
316 1866 509 1944 bens,
548 1868 699 1935 unde
756 1864 873 1933 hoc
934 1864 1224 1931 minerva!
1288 1862 1500 1931 Coraci
1565 1868 1846 1949 penderet
1885 1914 1906 1948 ,
1969 1862 2466 1945 paciscitur,cum

315 1956 578 2028 Corace,
615 1946 1027 2015 sesoluturum
1048 1946 1415 2026 mercedem,
1455 1968 1592 2013 cum
1615 1991 1637 2026 ,
1679 1947 1939 2015 Caussas
1955 1966 2166 2026 orans,
2212 1945 2468 2025 primam

318 2031 624 2096 vinceret.
669 2030 934 2109 Accepta
958 2028 1299 2093 conditione
1341 2050 1374 2092 a
1419 2036 1632 2093 Corace
1675 2029 1935 2096 eruditus
1973 2026 2129 2106 suit,
2168 2045 2229 2091 et
2272 2025 2472 2101 Caus-

322 2132 417 2178 sas
456 2109 683 2193 agendo
722 2109 1083 2191 solutionem
1124 2108 1433 2179 differebat
1458 2158 1483 2179 .
1542 2118 1735 2178 Corax
1775 2110 1834 2174 id
1875 2128 2048 2191 aegre
2102 2106 2294 2174 ferens
2354 2106 2471 2175 ini-

308 2213 555 2281 quum,
598 2211 655 2258 et
717 2192 1015 2272 ingratum
1073 2189 1427 2271 discipulum
1468 2192 1628 2276 apud
1684 2192 1916 2274 Iudices
1977 2188 2252 2258 convenit
2294 2237 2317 2269 ,
2402 2205 2470 2255 ut

324 2274 620 2344 solveret.
660 2273 1020 2339 Contestara
1066 2271 1174 2337 lire
1208 2273 1358 2342 dixit
1398 2273 1450 2338 ei
1498 2279 1729 2339 Corax:
1774 2273 2032 2340 Obone:
2077 2271 2134 2338 si
2175 2280 2470 2338 caussam

325 2353 548 2426 viceris
565 2399 587 2434 ,
624 2356 847 2446 solveqe
865 2350 1106 2419 debebis
1144 2373 1233 2446 ex·
1246 2371 1418 2437 pacto
1436 2378 1453 2419 r
1474 2351 1532 2421 si
1553 2354 1755 2422 victus
1782 2351 1975 2440 fueris
1992 2403 2012 2434 ‚
2055 2351 2197 2418 item
2238 2349 2503 2420 debebis.

324 2442 545 2506 solvere
582 2460 653 2502 ex
678 2435 955 2522 judscum
978 2453 1304 2503 sententra.
1348 2444 1718 2516 Immovero,
1763 2437 2020 2520 reposuit
2067 2433 2323 2515 Tisias,
2367 2457 2480 2500 non

312 2520 597 2586 solvam:
641 2540 713 2582 ex
761 2535 935 2601 pacto
963 2515 1020 2585 si
1060 2514 1265 2584 victus
1294 2513 1463 2601 fuero
1482 2565 1502 2597 ,
1543 2540 1614 2582 ac
1639 2516 1696 2583 si
1721 2515 1909 2584 vicero
1929 2565 1950 2596 ,
1990 2540 2098 2581 non
2137 2517 2370 2584 solvam
2412 2537 2482 2580 ex

316 2599 597 2688 judicum
635 2597 973 2666 sementia.
1017 2600 1190 2667 Haec
1220 2601 1518 2666 audientes
1558 2600 1792 2682 judices
1829 2598 2192 2666 ad'Tisiam
2234 2610 2480 2662 conver-

322 2685 377 2748 si
418 2683 651 2750 dixere:
712 2689 886 2750 Kane
924 2685 1158 2766 κόρακος
1198 2683 1375 2751 xaeno'r
1416 2683 1554 2749 ὀὲν.
1624 2683 1822 2774 Κόραξ
1867 2681 2096 2772 Graece
2135 2695 2219 2746 est
2263 2677 2488 2743 Latine·

328 2773 597 2838 Corvus,
640 2767 790 2830 unde
832 2783 1040 2830 natum
1086 2764 1476 2830 Proverbium
1501 2787 1524 2826 .·
1570 2763 1724 2828 malr
1767 2775 1950 2828 Cor-vs
1991 2759 2216 2823 malum
2249 2781 2424 2825 ovum
2452 2802 2474 2822 .

331 2847 495 2912 Vide
533 2843 678 2912 Gel.
717 2846 845 2930 I.5.
890 2865 941 2911 τ.
968 2867 1041 2911 10
1081 2888 1104 2923 ,
1160 2845 1263 2934 qui
1303 2843 1502 2910 simile
1543 2862 1746 2910 narrat
1801 2845 1873 2911 de
1915 2839 2286 2921 Prothagora
2333 2885 2354 2922 ,
2409 2855 2476 2907 et

332 2927 461 3006 eius
504 2925 798 3008 discipulo
846 2923 1113 2994 Evathlo
1140 2972 1159 2991 .

412 3009 565 3076 Sunt
650 3009 710 3074 ui
754 3008 992 3084 dicant,
1060 3005 1437 3086 Sophismata
1479 3051 1503 3086 ,
1561 3024 1660 3071 seu
1719 3003 1957 3073 fallaces
2015 3000 2521 3083 argumentatio·.

331 3111 437 3156 nes
474 3112 507 3154 a
556 3097 613 3154 R
655 3086 859 3154 etorice
901 3087 1122 3154 alienas
1164 3109 1277 3152 non
1321 3099 1445 3154 esse
1480 3133 1504 3168 ,
1543 3106 1606 3153 et
1650 3086 1867 3154 idcirco
1909 3086 2117 3153 Roma
2184 3083 2336 3152 olim
2376 3103 2483 3149 ex-

316 3170 533 3253 -pulsos
572 3171 915 3248 Rhetores,
972 3169 1219 3236 Senatus
1257 3169 1494 3235 decreto
1530 3191 1549 3234 t
1615 3168 1964 3252 praesertim
2024 3181 2338 3250 postquam
2378 3165 2484 3232 Se-

318 3272 577 3322 ·natores
615 3253 959 3334 audierant,
1004 3251 1377 3318 Carneadem
1411 3301 1428 3330 ,
1469 3251 1776 3319 Graecum
1823 3251 2278 3327 Rhetorem,et
2319 3247 2483 3314 Ora-

326 3351 543 3400 ·rorem
573 3383 593 3416 ,
637 3358 792 3402 nunc
834 3355 945 3416 pro
989 3333 1227 3414 Justitia
1262 3377 1281 3410 ,
1324 3355 1480 3398 nunc
1525 3355 1638 3415 pro
1681 3330 1982 3412 Iniustitia
2026 3329 2360 3396 Orationem
2401 3329 2479 3394 ad

340 3417 494 3496 Pop.
538 3417 845 3483 habuisse.
892 3415 1065 3482 Haec
1104 3412 1484 3495 Sophismata
1511 3463 1530 3495 ,
1572 3435 1726 3498 quae
1766 3408 2100 3478 crocodilos
2140 3412 2326 3477 etiam
2372 3432 2477 3477 νο·

337 3517 481 3564 cant
524 3497 838 3578 Rham-es,
882 3518 917 3562 a
956 3495 1169 3564 Siculis
1214 3497 1449 3563 inventa
1474 3545 1491 3573 ‚
1535 3495 1845 3571 dicuntur,
1885 3513 1947 3559 et
1989 3491 2221 3562 Siculos
2265 3493 2482 3562 borum
2531 3570 2539 3580 ¹

342 3581 755 3649 struendorum
814 3598 1009 3644 artem
1068 3579 1221 3644 mire
1276 3575 1588 3654 calluisse,
1632 3595 1695 3642 et
1735 3575 1986 3643 chorum
2050 3577 2201 3641 inter
2261 3577 2482 3655 priscos

342 3657 897 3744 Sophisma'topejos
956 3659 1225 3735 duxisse,
1293 3659 1465 3725 multi
1538 3660 1816 3726 tradunt.
1896 3657 2022 3724 Sub
2051 3656 2278 3749 ‘Attici
2349 3679 2482 3752 per-

344 3765 450 3810 son
533 3745 618 3808 air
654 3743 797 3809 Cic.
858 3742 921 3806 in
982 3749 1161 3806 Bruto
1189 3765 1213 3804 .-
1258 3756 1597 3810 concessum
1641 3761 1766 3806 esse
1825 3737 2178 3805 Rhetorrbus·
2235 3737 2480 3804 mentiri

340 3825 407 3892 iu
472 3817 766 3894 Historiis
804 3869 829 3905 ,
876 3841 964 3892 ‘ut
1020 3821 1251 3908 aliquid
1291 3822 1481 3890 dicere
1508 3823 1750 3966 -ροςῗᾶιπ
1805 3821 2126 3904 argutius:
2160 3819 2482 3902 additque,

492 3943 540 3959 .,,
796 3921 804 3948 ἰ
2239 3919 2408 3966 men-
