2985 4387
587 396 597 406 ‚
641 329 766 392 272

555 407 2135 580 {wrm5332⁰2822223333„:¹i.;ffi552“35²
2150 407 2543 564 ἔοῖΐέἷῗέ
2558 432 2721 562 ἐτὲ·

557 579 786 646 tionem
862 544 929 642 ²et
971 577 1168 658 Reges
1210 577 1437 655 dictos,
1477 591 1534 639 et
1580 571 1877 654 regalibus
1922 575 2241 658 insignibus
2288 571 2321 655 ’,
2365 596 2425 644 et
2468 599 2731 660 appara·

555 677 626 728 tu
669 623 848 740 regali
889 675 1130 725 ornatos
1171 653 1386 725 fuisse.
1451 653 1684 723 Verum
1726 655 2085 722 contendunt
2128 703 2149 738 ‚
2228 676 2368 724 runc
2434 660 2737 738 temporis

553 740 747 824 Regis
791 759 1010 807 nomen
1052 739 1519 808 Monarchicum
1570 737 1977 810 Princinatum
2036 738 2405 824 neutiquam
2470 742 2726 806 indicas·

481 887 486 895 ,
551 843 659 902 se,
699 821 796 886 sed
837 840 1139 889 summum
1227 817 1593 886 raecellentis
1640 821 1700 884 in
1744 819 2019 884 Civitate
2060 865 2081 898 ,
2142 837 2203 884 et
2281 821 2615 904 Republica
2662 843 2733 884 a·-

555 905 752 988 picem
793 903 1140 986 dignitatis.
1220 903 1258 968 d
1302 899 1539 966 firmare
1579 921 1640 965 se
1674 921 1835 983 posse
1878 919 2093 980 putant
2138 901 2331 968 variis
2392 899 2731 982 exemplis.

537 995 692 1052 'rum
713 986 1014 1068 antiquis,
1052 1003 1182 1050 tum
1203 981 1388 1048 etiam
1409 982 1779 1059 recentibus,
1820 982 2035 1066 quibus
2062 980 2265 1063 palam
2314 976 2427 1061 fit,
2454 983 2729 1065 Populos

559 1065 780 1135 liberos
801 1111 822 1148 ,
848 1088 951 1133 seu
975 1085 1234 1161 quorum
1277 1064 1480 1130 Status
1526 1061 1616 1129 vel
1662 1061 2133 1130 Aristocraticus
2164 1107 2186 1142 ,
2216 1062 2315 1131 vel
2349 1066 2741 1134 Democrati-

561 1170 665 1216 cus
709 1191 732 1227 ,
797 1144 894 1213 vel
937 1166 1148 1213 mistus
1189 1146 1346 1228 apud
1387 1165 1593 1210 omnes
1639 1143 1893 1211 habetur
1921 1190 1943 1223 ,
2006 1165 2127 1210 non
2205 1166 2493 1212 recusasse
2534 1147 2733 1228 Regis

561 1249 784 1296 nomen
821 1273 842 1307 ‚
903 1246 968 1293 et
1033 1225 1294 1308 regalem
1337 1244 1697 1307 apparatum
1754 1228 1838 1291 eis
1898 1223 2160 1292 tribuere
2200 1271 2222 1304 ,
2284 1229 2387 1314 qui
2452 1229 2725 1312 primatu

563 1309 944 1406 potiebantur
984 1308 1045 1376 iu
1087 1305 1376 1376 Concilio
1419 1307 1695 1389 publico,
1741 1309 1965 1393 quique
1990 1305 2231 1380 bellicis
2265 1327 2571 1391 praeerant
2596 1357 2619 1388 ‚
2664 1327 2733 1374 et

561 1390 908 1460 inexercitu
938 1433 961 1469 ,
997 1411 1132 1458 cum
1177 1391 1436 1457 instabat
1483 1389 1751 1472 bellum,
1791 1389 2247 1455 dominabantur
2271 1437 2292 1469 ‚
2332 1392 2479 1472 quin
2522 1409 2731 1455 tamen

567 1493 674 1540 eos
711 1472 968 1548 sinerent
986 1473 1064 1538 de
1083 1473 1252 1540 rebus
1296 1471 1546 1550 publicis
1590 1472 1647 1536 in
1667 1467 1913 1536 civitate
1931 1491 2042 1552 pro
2082 1472 2335 1536 arbitrio
2376 1473 2737 1552 decernere,

569 1573 792 1640 easque
809 1551 1256 1620 administrare.
1301 1553 1483 1618 Nunc
1504 1603 1525 1634 ,
1568 1553 1842 1636 inquiunt
1870 1597 1891 1629 ,
1942 1553 2005 1617 iu
2036 1551 2282 1634 Europa
2310 1551 2505 1633 plures
2534 1553 2738 1634 Reges

571 1653 754 1716 sunt,
843 1655 981 1701 uam
1028 1632 1446 1703 Monarcbaer
1496 1633 1784 1717 pluraque
1826 1633 1887 1702 R
1974 1653 2050 1700 na
2100 1633 2281 1714 vulgo
2323 1651 2743 1712 recensentur,

569 1737 726 1802 quae
829 1716 1144 1784 onarcbiae
1161 1739 1282 1784 non
1303 1733 1609 1810 sunus-su
1630 1735 1889 1809 quorum
1960 1727 2121 1780 tatus
2150 1715 2439 1809 Pol-iricus
2481 1715 2739 1810 skege

565 1819 688 1946 325¹
710 1797 1278 1962 ‚⁹‘3ffisss,⁸‘sl1”:¹b
1297 1795 2037 1970 ‘bssgsszmxssss’sszaita
2074 1795 2741 1957 {³⁶35'z522‘1'22‘5'ffi‘0:

565 1959 876 2032 narchicus
917 1962 1032 2027 dici
1075 1983 1198 2030 non
1242 1961 1414 2024 debet
1439 2002 1462 2035 ,
1504 1979 1781 2043 quamvis
1821 1959 1931 2024 sub
1972 1959 2145 2042 Rege
2184 1979 2308 2026 esse
2349 1959 2629 2027 dicatur.

657 2039 716 2125 §.
761 2047 820 2108 8.
865 2043 1030 2110 Haec
1071 2059 1272 2108 autem
1325 2040 1661 2121 Raegiminis
1702 2036 1937 2116 forma,
1978 2041 2051 2106 de
2138 2062 2209 2104 ua
2259 2038 2636 2109 Aristoteles
2680 2038 2747 2106 in

568 2121 956 2191 Ponticorum
999 2121 1169 2189 libris
1214 2144 1246 2186 a
1295 2122 1341 2184 it
1375 2166 1396 2200 ‚
1462 2140 1699 2217 sumpta
1743 2120 1979 2186 videtur
2022 2142 2055 2184 a
2134 2123 2393 2190 ‘raeciae
2444 2123 2738 2207 antiquae

575 2204 894 2287 Urbibus,
939 2226 1195 2289 quorum
1283 2221 1441 2268 ratus
1489 2202 1777 2269 Politicus
1820 2201 1972 2268 liber
2016 2203 2403 2283 proculdubio
2458 2202 2611 2270 fuit.
2658 2202 2755 2273 11-

573 2284 636 2354 le
677 2288 833 2351 enim
872 2328 896 2363 ‚
953 2286 1058 2371 qui
1103 2282 1331 2352 bellicis
1371 2304 1687 2369 praeerat,
1736 2292 1899 2363 Rex,
1944 2306 2043 2350 seu
2119 2285 2415 2352 vocabulo
2460 2287 2615 2351 idem
2663 2285 2749 2350 si-

573 2364 891 2449 gnificante
931 2364 1396 2449 appellabatur:
1443 2365 1625 2447 regali
1670 2386 1963 2462 apparatu
2032 2368 2381 2447 procedebat
2444 2369 2501 2433 in
2548 2366 2753 2449 publi-

573 2470 755 2527 cum,
797 2448 942 2545 quin
969 2466 1182 2523 samen
1226 2468 1318 2513 res
1361 2447 1568 2513 civiles
1608 2448 2094 2525 administraret,
2182 2448 2440 2516 Publicis
2540 2450 2747 2515 uidem

579 2528 922 2608 conciliis,
960 2551 1097 2595 cum
1139 2552 1258 2597 non
1303 2530 1549 2609 urgebat
1612 2528 1877 2608 beilum,
1916 2548 1977 2593 et
2039 2528 2098 2593 in
2162 2531 2333 2596 Urbe
2376 2532 2485 2595 resi
2530 2532 2673 2597 ebat
2716 2575 2743 2609 ‚

574 2608 896 2693 praefuisse
934 2612 1283 2679 crediderim
1324 2634 1460 2677 cum
1503 2607 1636 2696 jure
1677 2608 2002 2691 referendi,
2044 2632 2145 2677 seu
2206 2612 2281 2675 de
2326 2612 2631 2693 politicis,
2674 2631 2741 2677 et

575 2692 804 2763 bellicis
849 2693 1103 2775 negotiis
1145 2690 1432 2776 populum
1479 2708 1585 2757 aut
1624 2692 1939 2759 Senatores
1978 2690 2368 2758 consulendi:
2415 2694 2574 2778 quod
2602 2694 2743 2759 Ro·

575 2797 714 2843 rnae
757 2772 1126 2842 Consulibus
1197 2794 1330 2857 post
1375 2774 1571 2855 Reges
1610 2770 1833 2851 eiectos
1872 2817 1895 2848 ‚
1956 2790 2245 2859 tanquam
2290 2773 2677 2842 primoribus
2720 2820 2745 2853 ,

577 2880 676 2925 seu
723 2857 1098 2939 Principibus
1165 2854 1225 2921 in
1296 2856 1518 2923 Senatu
1558 2858 1985 2923 concedebatur
2030 2898 2054 2933 ‚
2108 2855 2257 2945 quin
2327 2871 2467 2923 tunc
2511 2856 2743 2938 vigeret

585 2938 994 3009 Monarcbica
1043 2938 1444 3005 Dominatio.

605 3062 616 3077 ·
663 3018 722 3102 §.
763 3040 826 3104 9.
869 3018 1000 3101 Qui
1043 3023 1104 3085 in
1143 3020 1517 3087 Graecorum
1544 3016 1817 3085 Historia
1866 3016 2203 3100 peregrinus
2231 3040 2347 3085 non
2384 3014 2609 3098 fuerit,
2656 3034 2753 3083 re-

579 3102 830 3171 censitos
871 3103 934 3167 in
977 3124 1044 3166 ea
1092 3100 1352 3167 inveniet
1397 3101 1619 3166 multos
1657 3145 1678 3180 ,
1740 3117 1800 3165 et
1860 3100 2103 3185 quidem
2156 3099 2411 3183 insignes
2452 3103 2605 3167 inter
2652 3102 2752 3166 A·

583 3182 965 3263 menie-mes,
1007 3182 1382 3264 spartiatas,
1421 3200 1484 3246 et
1540 3179 1877 3247 Thebanos
1920 3180 2119 3261 Reges
2154 3227 2174 3246 .
2242 3180 2327 3251 Iis
2370 3200 2573 3249 autem
2617 3180 2753 3247 sola

581 3286 889 3331 armorum
929 3286 1066 3329 cura
1092 3309 1113 3342 ‚
1153 3280 1214 3326 et
1255 3282 1362 3328 res·
1387 3260 1631 3329 bellicas
1668 3261 2021 3342 ordinandi,
2062 3283 2133 3327 ac
2154 3260 2501 3329 Exercitum
2530 3264 2746 3329 mode·

579 3344 796 3423 randi,
833 3366 968 3411 cum
993 3344 1146 3411 bella
1169 3343 1520 3423 gerebantur
1540 3386 1562 3422 ,
1590 3343 1910 3409 auctoritas
1936 3390 1955 3421 ,
1996 3359 2058 3406 et
2088 3360 2350 3425 potestas
2398 3364 2527 3409 erat
2572 3364 2746 3411 com-

583 3424 811 3507 missa,
853 3425 999 3511 quin
1039 3422 1244 3492 civilia
1288 3424 1402 3487 sibi
1447 3441 1845 3506 arrogarent.
1906 3422 2008 3489 Ne
2054 3444 2198 3489 vero
2257 3422 2331 3491 ha
2348 3446 2420 3491 nc
2480 3426 2756 3507 Reipub-

585 3522 821 3653 3:335?
849 3507 1208 3653 οῗὶἶῖἷὲῗὶζῆᾼ
1227 3504 1525 3651 ἴὲἒῖἔῖῖῗ
1577 3502 2515 3654 ’acfpksssssnawssoeiss‘ss³³⁰⁵
2581 3525 2765 3652 ³¹²⁰ss

591 3670 834 3737 Romae
877 3668 1141 3734 Tribuni
1189 3688 1227 3748 p
1253 3666 1376 3731 ebis
1413 3710 1436 3743 ‚
1491 3634 1743 3749 -populie
1776 3668 2117 3764 libertatem
2192 3608 2761 3739 tue‘baersrt’nrmcbr'itg

594 3750 882 3831 Regum,
925 3748 1022 3816 vel
1064 3746 1597 3827 Polemarchorum
1622 3749 1998 3831 ‘ambitiosos
2036 3768 2333 3819 conatus:
2404 3752 2567 3838 quod
2610 3772 2753 3832 pro-

585 3828 875 3908 culdubio
913 3829 1236 3902 servabant
1275 3830 1461 3901 ctiam
1489 3829 1825 3919 Thebani,
1864 3850 1927 3902 et
1947 3832 2324 3919 Dorienses,
2360 3854 2437 3905 ne
2474 3834 2689 3903 Duces
2720 3876 2745 3911 ,

2614 3930 2677 3989 et
