2985 4387
767 325 885 401 278

684 429 892 514 pulum
935 447 1054 522 nou
1093 423 1270 494 facile
1305 423 1635 494 obliturum
1678 421 1807 502 iura
1876 418 2171 495 libertatis
2196 471 2215 508 ,
2256 425 2313 497 in
2378 447 2503 516 qua
2566 426 2713 495 altus
2754 443 2815 494 ‘e-

685 533 782 580 rat
829 562 850 594 ,
909 529 970 577 et
1015 509 1382 589 innutritus,
1422 507 1835 592 nolebantque·
1864 508 1924 574 in
1984 507 2374 578 offensionem
2450 509 2814 576 multitudinis

687 597 981 661 incurrere
1041 593 1096 656 ei
1141 591 1369 670 penitus
1425 586 1742 655 auferendo
1795 593 2145 672 opinionem
2209 591 2347 657 licet
2414 591 2623 657 falsam
2677 588 2816 653 anti-

689 695 847 762 quae
889 673 1218 742 libertatist
1263 689 1326 738 et
1373 672 1523 746 hanc
1560 669 1644 736 ob
1682 689 1809 735 rem
1852 672 2171 740 noluerunt
2212 672 2449 740 abolita
2488 671 2817 752 ‘Magistra-

686 777 856 824 tuum
901 753 1188 823 vocabula
1219 797 1242 833 ,
1281 753 1422 822 licet
1466 751 1947 832 Magistratuum
2006 755 2278 821 omnium
2340 755 2552 822 munia
2614 748 2811 834 praeci-

685 859 802 920 pua
847 859 919 904 ex
967 835 1190 918 Populi
1235 855 1523 902 consensu
1555 879 1576 912 ,
1644 851 1703 896 et
1762 833 2047 914 legitimis
2103 833 2401 918 suffragiis
2444 832 2555 900 sibi
2598 849 2807 911 arroga-

685 937 857 1016 rent,
899 938 966 984 ut
1005 920 1211 984 omnia
1255 935 1328 982 ex
1369 915 1587 995 Populi
1653 911 1971 983 voluntate
2030 937 2091 982 se
2146 923 2324 1000 agere
2385 920 2451 983 in
2498 915 2673 997 Reip.
2723 912 2805 975 ad-

587 1059 596 1068 .
683 1001 1136 1072 ministratione
1181 999 1554 1064 viderentur.

767 1080 826 1165 §.
867 1103 969 1150 22.
1013 1081 1186 1162 Quin
1229 1079 1414 1146 etiam
1465 1074 1682 1158 Populi
1726 1074 2067 1146 libertatem
2112 1080 2169 1145 in
2212 1097 2319 1146 ore
2359 1085 2595 1161 semper
2614 1073 2808 1144 haben·

686 1181 778 1230 tes
808 1211 828 1245 ‚
865 1163 1269 1229 ambitionem
1300 1205 1321 1240 ,
1359 1175 1420 1225 et
1461 1159 1825 1240 despoticatn
1886 1161 2372 1228 dominationem
2436 1163 2606 1226 suam
2646 1173 2805 1237 tegete

683 1245 1098 1311 conabantur.
1183 1241 1329 1322 Qua
1373 1242 1432 1307 in
1476 1262 1542 1307 re
1583 1237 1874 1310 Tiberius
1938 1245 2339 1310 astutissimus
2406 1241 2810 1328 Imperatore-

685 1327 954 1392 rninebat
979 1367 1002 1402 ‚
1041 1326 1090 1390 si
1131 1320 1430 1415 Cornelio
1471 1323 1709 1392 Tacito
1772 1321 1950 1390 fidem
2014 1323 2300 1394 habemus
2342 1371 2361 1390 .
2451 1321 2617 1388 Cum
2680 1333 2806 1383 emm

683 1404 963 1474 nonnulli
1006 1404 1082 1471 de
1123 1425 1254 1483 eius
1296 1403 1817 1470 administratione
1856 1405 2017 1471 male
2056 1409 2341 1474 sentirent
2367 1454 2390 1487 ‚
2452 1424 2517 1469 et
2555 1401 2731 1467 libere
2757 1398 2809 1460 de

688 1507 760 1554 e·
805 1487 1238 1572 loquerentur,
1297 1485 1619 1554 maledieta
1665 1487 2121 1554 dissimulabam
2184 1506 2445 1572 cumque
2488 1485 2807 1551 obtrectato-

684 1589 775 1634 res
820 1570 872 1634 ei
917 1570 998 1636 ab
1045 1567 1535 1662 Assentatoribus
1596 1566 1995 1651 deferrentur,
2058 1589 2120 1638 et
2181 1571 2267 1635 rei
2310 1565 2649 1648 majestatis
2704 1577 2807 1651 age-

685 1668 934 1734 rentur3
973 1650 1302 1719 delationes
1346 1652 1809 1730 contemnebat,
1852 1649 2048 1718 dicere
2066 1648 2279 1720 solitus
2304 1693 2326 1728 ,
2368 1663 2645 1733 oportere
2668 1645 2731 1709 in·
2750 1637 2803 1704 11·

693 1731 838 1800 bero
882 1732 1121 1813 Populo
1147 1777 1170 1812 ,
1209 1733 1394 1798 etiam
1437 1732 1667 1815 linguas
1709 1731 1925 1799 liberas
1968 1753 2091 1798 esse
2115 1782 2134 1814 ,
2178 1753 2282 1799 nec
2321 1729 2684 1798 ora·clvium
2716 1735 2808 1786 esse

690 1813 1093 1882 occludenda:
1137 1813 1629 1900 quod·Tyranni
1676 1815 1737 1879 in
1784 1812 1981 1880 Sicilia
2024 1812 2211 1881 {acere
2251 1811 2569 1880 solebant.
2612 1809 2802 1872 Interea

691 1894 804 1975 ipsi
877 1915 1112 1978 praeter
1181 1895 1380 1960 Patris
1421 1894 1657 1978 patriae
1698 1895 1947 1962 titulum
1991 1943 2011 1976 ,
2055 1914 2235 1980 quern
2280 1893 2543 1961 libenter
2580 1901 2798 1954 assume·

699 1975 889 2057 bant,
929 1995 999 2045 ut
1047 1975 1276 2057 Populi·
1307 1974 1781 2046 benevolentiam
1822 1997 1889 2042 ca
1940 1995 2179 2056 tarent,
2225 1993 2285 2042 et
2328 1992 2639 2059 paternam
2680 1979 2809 2054 suan}

689 2079 898 2124 cutam
943 2058 1004 2128 in
1047 2057 1328 2124 Subditos
1370 2073 1735 2128 ostentarent
1778 2103 1799 2136 ‚
1956 2058 2236 2124 ribunitia
2284 2073 2589 2138 potestate
2625 2060 2800 2115 munm

697 2137 908 2206 Plebis
949 2161 1012 2207 se
1055 2157 1282 2206 tutores
1325 2136 1754 2221 profitebantur
1792 2155 1995 2205 contra
2044 2139 2442 2207 patriciorum
2470 2187 2489 2221 ,
2531 2151 2589 2203 et
2630 2131 2807 2198 Poten-

698 2223 926 2287 tiorum
971 2218 1256 2301 iniurias‚
1297 2242 1366 2285 ac
1406 2223 1810 2301 sacrosancti,
1852 2237 2033 2306 atque
2076 2220 2461 2289 inviolabiles
2502 2211 2800 2285 evadebant.

694 2302 986 2367 Censoria
1031 2316 1328 2385 potestate
1368 2318 1606 2367 morum
1652 2323 1994 2381 pravorum·
2014 2303 2467 2369 emendatores:
2537 2288 2805 2375 Pontificaf

641 2400 648 2407 ·
701 2401 798 2449 tus
842 2382 1028 2449 Max.
1065 2402 1312 2449 munere
1357 2381 1677 2447 Sacrorum
1720 2385 2021 2451 Custodes
2061 2430 2082 2464 ,
2143 2402 2205 2448 et
2264 2385 2495 2449 rituum
2557 2370 2799 2457 Praestet}

695 2460 1428 2531 audiebantt‘Consulari
1479 2464 1671 2541 item,
1713 2486 1784 2530 ac
1828 2463 2241 2533 Proconsulari
2282 2466 2570 2547 dignitate
2587 2460 2807 2524 Senatui»

699 2546 862 2612 Urbi
898 2593 918 2627 ,
955 2564 1018 2610 et
1063 2545 1406 2611 Provinciis
1451 2565 1805 2626 praeerant,
1868 2563 1929 2611 et
1992 2546 2067 2609 de
2108 2547 2365 2625 negotiis
2411 2540 2654 2630 publicis
2691 2527 2807 2597 refe·

701 2626 918 2701 rebant
975 2626 1290 2694 Senatores
1349 2627 1762 2705 consulendos
1791 2628 1893 2707 qui
1939 2628 2209 2691 animum
2256 2674 2277 2707 ‚
2340 2648 2403 2692 et
2467 2640 2600 2690 vota
2648 2616 2806 2712 {mpe-

702 2710 922 2779 ratoris
963 2728 1084 2776 non
1133 2712 1468 2781 innovantes
1496 2755 1515 2789 ,
1540 2708 1869 2775 ·secundum
1930 2707 2055 2787 ejus
2103 2707 2469 2776 voluntatem
2512 2720 2695 2791 omma
2732 2692 2807 2785 ᾃέ·

701 2792 1063 2859 cernebant.
1128 2790 1219 2857 -la
1248 2792 1458 2872 ipsum
1504 2790 1563 2855 in
1610 2789 1943 2857 Provinciis
1990 2790 2319 2857 Praesides·
2348 2790 2423 2856 ad
2488 2806 2581 2853 eas
2608 2788 2755 2845 ‘missi
2786 2810 2803 2843 2

700 2871 795 2939 vel
841 2874 1013 2939 inviti
1038 2874 1456 2967 praestabant,
1499 2872 1650 2955 quin
1694 2872 1788 2961 vel
1834 2871 2026 2943 latum
2074 2870 2317 2955 quidem
2344 2919 2364 2953 ,
2408 2888 2479 2938 ut
2500 2867 2806 2947 aiunt2⁰J¹⁰

701 2976 876 3035 guem
919 2954 999 3020 ab
1041 2954 1389 3035 imperantis
1423 2970 1595 3033 ‘iussu
1642 2953 1943 3021 discedere
1980 2954 2265 3019 auderent
2292 2995 2314 3032 ,
2372 2975 2448 3019 ne
2506 2972 2539 3015 a
2600 2946 2807 3013 From·

677 3037 851 3131 =ciae
879 3036 1168 3117 tegimine
1209 3054 1677 3118 amoverentur,
1722 3056 1791 3101 ac
1836 3034 2106 3101 Romam
2149 3034 2366 3116 acciti,
2410 3034 2529 3101 Rei
2574 3010 2803 3093 malead·

703 3134 1082 3183 mtmstratae
1125 3117 1481 3185 Provinciae
1518 3121 1601 3184 ab
1638 3116 1895 3184 aemulis
1936 3132 2286 3199 agerentur,
2345 3134 2405 3181 et
2449 3126 2665 3199 poena,
2692 3112 2802 3197 ,ἥθ’

701 3218 781 3293 pe
823 3198 1152 3264 immeritas
1193 3196 1495 3265 subirent.
1541 3199 1930 3280 Imperatoris
1970 3202 2209 3267 demum
2252 3196 2475 3275 titulo,
2516 3210 2573 3259 et
2588 3182 2799 3265 mdmass

705 3280 1130 3357 imperabant,
1172 3298 1232 3343 et
1275 3282 1677 3361 conscriptum
1720 3280 2045 3347 exercitum
2087 3297 2290 3346 contra
2340 3278 2538 3345 hostes
2600 3269 2801 3346 1¹¹¹?“n

705 3380 832 3445 quo
873 3380 1022 3441 opus
1065 3376 1194 3427 etat
1227 3360 1568 3429 ducebant.
1655 3360 2078 3429 Nihilominus
2122 3382 2310 3427 novus
2354 3360 2677 3441 Imperator
2709 3354 2798 3405 ¹¹⁰⁰

707 3440 891 3505 semel
935 3442 1011 3506 ab
1057 3442 1344 3507 Exercitu
1409 3443 1472 3506 in
1534 3446 1739 3508 castris
1785 3443 1990 3525 procul
2048 3442 2129 3509 ab
2172 3442 2346 3509 Urbe
2392 3438 2753 3523 proclamatus
2782 3458 2799 3492 2

705 3522 956 3587 Senatus
993 3522 1488 3603 adprobationem
1512 3523 1916 3618 postulabat,
1958 3526 2101 3609 quin
2139 3544 2200 3590 se
2242 3523 2575 3607 legitimum
2638 3512 2800 3585 {mpe-

710 3618 976 3667 ratotem
1037 3618 1338 3683 reputaret
1481 3602 1624 3672 licet
1665 3628 1701 3673 a
1744 3605 2041 3674 militibus
2081 3605 2347 3682 electus,
2414 3606 2590 3672 donee
2661 3590 2800 3655 ΜΨ

705 3700 867 3839 {rssb’
946 3701 1007 3747 et
1052 3682 1318 3766 Populus
1351 3704 1384 3749 e
1409 3686 1703 3755 ectionetn
1744 3687 2012 3756 rnilitum
2052 3688 2451 3773 adprobarent
2476 3734 2495 3769 ,
2536 3676 2797 3751 ratatntlue

757 3788 782 3830 a
833 3782 1038 3829 erent.
2824 3800 2829 3808 ·

791 3842 850 3931 ὃ·
893 3862 996 3933 23.
1039 3844 1322 3969 Quod-⁸1
1360 3868 1509 3997 uuus
1550 3849 1767 3989 aliquis
1804 3872 1879 3920 ex
1920 3849 2404 3939 Imperatoribns
2447 3816 2825 3996 tyrannigffe'
