2985 4387
325 378 603 473 ‘fqrsiten
644 373 895 457 alienius
934 378 1195 449 Poetae.
1255 379 1355 446 De
1390 378 1585 456 ,Fabio
1627 370 2014 465 ,Quintiliano
2032 376 2186 445 ”vide
2243 378 2308 448 in
2347 390 2489 470 Spe·

352 484 575 528 crmme
612 465 805 529 multa
826 508 847 527 .

380 563 407 587 ·-
433 541 823 624 Quintilius,
871 545 1165 623 Praetor,
1209 539 1526 607 Ciceronis
1569 538 1820 606 reditum
1862 541 2166 621 abexilio
2207 560 2488 625 procura·-

348 624 447 689 vit
490 628 769 692 suadere.
816 624 915 692 De
953 647 1029 691 eo
1070 624 1208 691 Cic.
1252 624 1315 687 in
1358 628 1533 690 Orat.
1567 639 1704 707 post
1745 619 2038 691 reditum.
2101 622 2261 689 Vide
2299 636 2487 693 Varus

340 704 447 770 in·
476 707 583 774 V.
662 702 1017 790 Quintilius
1050 750 1075 783 ,
1147 707 1335 770 Poeta
1381 702 1803 769 Cremonensis
1845 752 1865 784 ,
1931 704 2180 787 Virgilii
2223 708 2488 787 sodalis,

336 783 629 931 Ῑοαιιὶιόαωτ
663 792 766 934 ἐξ)
807 787 1113 867 Horatio,
1173 782 1540 866 Virgilium·
1568 784 1912 854 consolante
1971 788 2033 852 in
2074 784 2200 865 ejus
2238 806 2434 856 morte
2459 836 2485 873 ,

446 888 479 932 e
520 890 552 935 2
602 916 619 935 0
692 915 710 936 Ο
760 890 815 936 1·
947 928 957 937 -

338 965 352 974 ·
428 886 732 1031 ‚Q-ugrtius
769 949 961 1028 (T.)
1000 943 1387 1033 Capitolinus
1440 947 1670 1033 dictus,
1732 958 1905 1017 Orat.
1950 946 2162 1014 habuit
2205 948 2282 1016 ad
2317 950 2482 1035 Pop.

340 1026 409 1095 in
454 1051 569 1114 qua
612 1052 745 1096 vera
770 1077 789 1111 ,
832 1050 891 1096 et
932 1031 1104 1098 utilia
1146 1027 1425 1123 Populo,
1462 1028 1602 1096 licet
1642 1031 1698 1097 ei
1788 1053 1954 1097 arum
1999 1048 2166 1122 grata
2192 1076 2214 1109 ,
2255 1032 2484 1115 suasit,

336 1110 738 1181 cumlvolsci
784 1111 1021 1179 dissidia
1060 1114 1216 1177 inter
1260 1110 1696 1192 Patricios,'et
1792 1112 1981 1179 lehem
2020 1130 2305 1193 scientes,
2348 1114 2486 1179 Ro-

336 1213 509 1258 mam
572 1193 845 1260 invadere
904 1211 1203 1259 tentarunt
1227 1238 1249 1273 ,
1307 1191 1449 1275 quin
1492 1191 1759 1261 Romani
1822 1193 2146 1259 exercitum
2203 1202 2484 1286 paratum

336 1274 415 1337 ad
458 1274 542 1340 eis
582 1274 963 1341 resistendum
1009 1274 1329 1342 haberent.
1370 1273 1470 1339 Ita
1513 1274 1759 1356 Livius,
1802 1276 1906 1361 qui
1939 1270 2251 1340 Orationes
2277 1271 2486 1359 ,Quin-

336 1351 421 1418 tis·
462 1358 781 1450 sententias
824 1354 1037 1423 refert.
1102 1358 1393 1435 Ignoro,
1438 1354 1674 1423 idemne
1713 1358 1793 1423 sit
1833 1381 1972 1424 cum
2016 1352 2276 1442 ,Q-uinrr'o
2303 1401 2328 1438 ,
2369 1356 2480 1442 qui

334 1458 401 1503 se
448 1456 650 1505 uitur.

402 1456 727 1601 ¹{Quintius
766 1516 941 1596 (L.)
981 1514 1383 1583 cincinnatus
1436 1517 1670 1601 dictus,
1729 1519 1984 1585 militari
2045 1536 2174 1584 arte
2233 1520 2481 1589 notissi-

342 1622 525 1679 mus,
567 1622 643 1667 ex
682 1615 886 1666 aratro
930 1600 1002 1663 ad
1048 1600 1431 1666 Dictaturam
1475 1618 1718 1667 vocatus
1758 1600 2018 1667 Volscos
2061 1600 2252 1683 vicit,
2293 1624 2362 1669 ac
2401 1603 2480 1671 de

356 1680 428 1744 is
466 1679 899 1763 triumphavit.
942 1680 1137 1746 Finita
1184 1679 1500 1747 Dictatura
1536 1725 1560 1760 ,
1599 1698 1658 1747 et
1699 1700 1762 1745 re
1804 1682 1944 1746 bene
1982 1697 2140 1762 gesta
2166 1724 2188 1757 ,
2227 1681 2300 1745 ad
2342 1702 2482 1749 ara-

340 1778 507 1827 trum
554 1762 722 1828 rediit
763 1760 1145 1842 triumphalis
1187 1760 1477 1844 Agricola
1509 1809 1531 1844 ,
1592 1780 1811 1828 terram
1853 1779 2060 1843 postea
2105 1762 2325 1828 findens
2371 1784 2481 1831 vo..

330 1864 497 1911 mere
538 1841 844 1910 laureato.
889 1844 1051 1911 Vide
1094 1841 1269 1910 Plio:
1294 1850 1377 1909 H.
1407 1850 1508 1909 N.
1553 1842 1599 1908 Ι.
1633 1848 1727 1911 18.
1768 1861 1884 1919 c.·3
1909 1887 1931 1922 ,
1972 1860 2030 1907 et
2075 1839 2364 1911 Florum.

416 1922 715 2008 Quiritius
750 1924 916 2004 (L.)
958 1924 1150 1993 Trib.
1192 1923 1277 2005 pl.
1337 1943 1397 1990 et
1438 1926 1670 1991 Orator
1734 1944 1853 1991 non
1916 1923 2216 2005 vulgaris,
2280 1924 2476 2007 plure’s

326 2004 649 2073 conciones
688 2004 896 2071 babuit
938 2023 1145 2073 contra
1187 2004 1592 2086 Cluentium,
1627 2006 1758 2153 <q‘ui
1801 2026 1902 2085 per
1941 2004 2300 2071 Ciceronem
2339 2006 2478 2089 Op-

330 2086 650 2168 pinianum
692 2104 1105 2167 accusaverat,
1162 2088 1563 2169 contendens,
1693 2086 1982 2153 luentium
2023 2084 2248 2167 Judices
2292 2107 2477 2168 pecu-

326 2167 437 2236 nia
479 2166 850 2316 corrupisse,
896 2184 963 2237 ut
1003 2165 1427 2252 Oppinianum
1468 2168 1818 2238 damnarent
1843 2215 1868 2236 .
1910 2165 2073 2235 Vide
2110 2164 2255 2238 Cic.
2292 2173 2470 2240 orat.

370 2274 429 2318 ro
464 2259 519 2315 C
549 2267 782 2317 uentro.
2143 2317 2156 2326 ,
2239 2311 2244 2314 .
2378 2315 2385 2322 ,

315 2267 371 2336 p
480 2329 755 2410 uir-inus,
812 2351 1027 2398 nomen
1090 2330 1351 2400 inditum
1408 2327 1732 2415 Romulo,
1790 2353 1927 2400 cum
1971 2329 2239 2399 Romani
2279 2353 2416 2402 eum
2449 2379 2477 2416 .

324 2429 397 2479 nt
512 2435 649 2480 eum
676 2460 697 2496 ,
738 2411 934 2480 colere
972 2413 1408 2494 decreverunt,
1474 2417 1682 2484 audito
1726 2414 1968 2483 Proculi
2009 2417 2356 2482 testimonio
2394 2416 2473 2484 de

322 2494 643 2577 Romulo,
684 2516 720 2560 a
763 2514 825 2560 se
868 2495 995 2561 viso
1029 2541 1049 2576 ,
1091 2494 1165 2560 ad
1206 2494 1467 2562 Caelum
1509 2495 1893 2564 ascendente.
1935 2493 2162 2564 Cicero
2202 2497 2248 2562 Ι.
2293 2517 2354 2580 3.
2395 2495 2472 2563 de

326 2585 483 2660 Καρ.
522 2577 815 2655 miratur,
855 2576 1017 2660 quod
1060 2576 1349 2644 Romulo·
1374 2578 1658 2644 diviuitas
1700 2577 2059 2644 tribueretur
2085 2619 2107 2654 ,
2149 2597 2284 2644 cnm
2328 2577 2468 2644 Ro·

324 2657 479 2726 muli
524 2679 679 2725 aevo
714 2679 749 2723 a
794 2664 938 2725 600.
995 2675 1169 2724 antea
1214 2661 1389 2724 annis
1452 2647 1726 2727 hoffiines
1787 2673 1976 2724 essent
2035 2657 2318 2724 doctrinis
2357 2677 2468 2724 exa

327 2739 522 2815 culti,
561 2759 620 2805 et
659 2739 915 2806 eruditi:
952 2745 1083 2825 'quo
1120 2736 1343 2817 fiebat,
1384 2756 1448 2806 ut
1497 2761 1618 2806 non
1659 2740 1808 2805 adeo
1845 2737 2048 2805 faciles
2071 2787 2088 2815 ,
2131 2758 2192 2803 et
2231 2737 2458 2804 creduli

322 2825 449 2887 esse
486 2821 863 2898 debuissent,
904 2837 970 2885 ut
1010 2817 1159 2885 fictis
1182 2817 1398 2886 fabulis
1424 2821 1885 2887 assentirentur.
1931 2817 2093 2910 Vide
2128 2817 2324 2886 locum
2349 2819 2468 2885 Ci·'·

318 2901 547 2969 neronis
588 2899 651 2966 in
694 2901 759 2967 S.
792 2900 1149 2981 ,Augustino
1190 2901 1299 2968 lib.
1344 2921 1443 2966 22.
1485 2901 1557 2966 de
1601 2897 1801 2967 civit.
1844 2909 1958 2966 Der
1999 2905 2048 2964 c.
2080 2907 2142 2965 6.
2189 2900 2286 2965 Ex
2324 2899 2466 2986 qni·-

322 2971 434 3050 bus
476 2977 668 3050 intelli
713 3001 808 3048 ere
853 2998 983 3059 est,
1028 2982 1329 3062 primum,
1372 2978 1560 3046 libros
1601 2983 1742 3048 Cic.
1781 2980 1857 3046 de
1898 2979 2127 3063 Repub.
2187 2995 2462 3063 tempore

306 3064 394 3132 ·S.
431 3063 599 3146 Aug.
622 3101 641 3145 s
696 3081 825 3130 ctos
866 3059 1080 3141 fnisse,
1120 3080 1186 3128 et
1224 3081 1427 3144 postea
1472 3063 1873 3142 intercidisse3
1934 3082 1997 3128 2.
2057 3061 2198 3145 quid
2240 3061 2464 3128 Cicero

310 3143 820 3228 opinatuslfuerit
860 3144 932 3208 de
970 3142 1269 3212 Romanis
1312 3145 1563 3224 priscis,
1620 3161 1680 3209 et
1725 3143 1913 3210 Urbis
1949 3191 1969 3224 ,
2011 3160 2279 3224 tempore
2318 3142 2460 3209 Ro-

318 3225 471 3293 muli
498 3271 519 3308 ,
560 3223 817 3294 incolis:
880 3245 996 3290 non
1038 3226 1187 3290 adeo
1227 3226 1447 3293 scilieet
1490 3226 1738 3311 opicos,
1798 3245 1856 3291 et
1899 3225 2220 3292 ineruditos
2277 3223 2458 3291 fuisse

314 3327 531 3376 omnes
558 3355 579 3390 ,
620 3325 688 3373 nt
727 3302 903 3398 multi
944 3303 1297 3388 opinantur.
1345 3307 1600 3394 Hocque
1640 3305 2038 3399 roborantur,
2079 3327 2232 3389 quae
2273 3325 2459 3398 expo-

316 3388 409 3454 sui
454 3394 511 3454 in
554 3386 976 3456 Dissertaetrone
1018 3386 1093 3452 de
1134 3386 1412 3454 Doctrina
1442 3437 1461 3469 ,
1525 3411 1627 3455 seu
1691 3395 2062 3460 Letteratura
2109 3389 2352 3454 Romule
2391 3399 2458 3451 et*

308 3465 638 3616 prirlnorum
678 3477 1115 3554 Romanorum,
1156 3492 1313 3557 quae
1354 3470 1607 3538 habetur
1647 3470 1709 3538 in
1751 3465 2072 3551 specimine
2110 3469 2294 3538 verbo
2332 3473 2456 3534 Ro·

316 3566 421 3618 mu
452 3576 561 3619 us.
677 3577 685 3585 ⁸
872 3583 883 3596 ·
1484 3599 1487 3604 -

328 3640 335 3648 ’
396 3631 699 3732 Quirinus
717 3677 743 3717 ,
780 3632 878 3702 vir
915 3627 1269 3704 Consularis
1288 3678 1309 3718 ,
1351 3631 1523 3704 valde
1557 3633 1725 3705 dives
1744 3681 1769 3718 ,
1811 3651 1874 3702 et
1913 3632 2092 3704 orbus
2117 3676 2141 3701 .

2126 3856 2140 3871 ⁶
2184 3871 2370 3941 Non-
