2985 4387
2132 100 2167 142 J

555 332 838 473 filium
897 371 1007 458 D.
1030 371 1139 456 D..
1187 371 1274 454 F
1269 371 1779 456 erdmandum
1841 401 1892 454 a
1956 373 2207 455 Sernae
2282 373 2563 476 (quem
2632 399 2720 454 a·

556 477 728 596 pud
815 502 906 569 se
961 475 1350 556 Mantuae
1408 477 2013 596 Carpetanorum
2064 477 2427 594 habebat,
2476 478 2601 596 J
2556 504 2719 558 uris

565 578 876 668 Civilis
925 578 1454 678 Prudentia
1421 611 1512 678 tn
1562 582 1983 664 Academia
2032 578 2577 676 Cervariensi
2593 580 2720 661 in·

565 679 1012 802 struffum,
1080 705 1161 764 et
1231 669 1396 776 alia
1408 714 1576 766 rum
1626 683 2239 805 Disciplinarum
2312 678 2639 766 subsidio
2688 743 2721 783 ,

563 786 886 905 magnis.
915 845 944 886 ,
1020 785 1430 905 arduisque
1494 788 1825 906 negotiis
1909 787 2358 888 intentum,
2428 779 2720 888 fidum·

564 919 783 1008 que
761 888 948 988 olim
1000 918 1089 969 tn
1109 890 1434 984 bellicis
1484 890 2080 1008 expeditionibus
2128 889 2511 970 Achatem
2548 877 2721 986 &ci-

554 992 820 1099 pionis
869 992 1112 1074 nostri
1160 993 1392 1088 seculi
1446 993 2113 1111 Excellentissimi
2186 978 2294 1087 D.
2313 995 2419 1073 D.
2476 989 2719 1073 Petri

570 1126 622 1184 a
691 1095 782 1182 Z
765 1091 1138 1196 evallos)
1207 1095 1683 1186 benevolum
1750 1127 1964 1180 suum
2029 1097 2117 1178 in
2184 1123 2307 1176 me
2346 1089 2721 1182 animum‘

557 1197 1092 1300 transfudisse
1115 1257 1147 1298 ,
1212 1202 1345 1294 sed
1394 1199 1482 1280 in
1538 1201 1669 1295 Te
1721 1201 1957 1292 etiam
2008 1261 2036 1302 ,
2110 1221 2194 1280 et
2274 1193 2719 1290 universam

559 1301 992 1392 Familiam
1041 1323 1268 1396 tuam
1303 1304 1829 1385 transmissum
1874 1302 2248 1418 voluisse.

662 1401 992 1491 Etenim
1029 1426 1346 1510 praeter
1393 1405 1813 1526 innumera
1884 1405 2247 1504 beneficia
2294 1465 2322 1506 ,
2391 1405 2717 1496 minime

555 1507 794 1604 dubia
855 1509 1086 1609 signa
1142 1531 1565 1627 propensae
1631 1510 1719 1596 in
1790 1541 1912 1594 me
1996 1509 2431 1594 voluntatis
2520 1505 2719 1592 mihi

551 1610 930 1694 immerito
1011 1641 1094 1706 a
1135 1612 1360 1694 Vobis
1430 1611 1831 1725 impertita
1879 1676 1907 1716 ,
1974 1615 2231 1737 (quae
2290 1673 2318 1713 ,
2391 1610 2489 1704 'ne
2574 1641 2719 1692 vos

551 1715 789 1808 iratos
837 1689 1188 1817 habeam,
1260 1715 1589 1799 silentio
1614 1742 1879 1823 premo
1928 1722 2239 1800 vestrae
2304 1713 2718 1798 modestiae

550 1813 798 1912 litans
833 1817 864 1917 )
937 1817 1078 1900 Tu
1127 1777 1601 1921 elegantibus
1685 1843 1765 1900 et
1812 1817 2371 1910 humanissimis
2434 1816 2719 1901 latinis

549 1922 848 2016 litteris
913 1920 1287 2020 invitasti
1337 1951 1540 2024 me,
1612 1946 1701 2012 ut
1750 1923 2042 2006 Italiae
2088 1921 2478 2010 aeternum
2525 1921 2717 2003 vale

543 2027 960 2126 dicerem,
993 2005 1448 2120 Bruxellas
1496 1983 2102 2127 contenderem,
2170 2047 2252 2104 et
2320 2027 2423 2106 ad
2493 2026 2715 2108 aedes

552 2127 966 2247 migrarem
1016 2149 1264 2210 tuas.
1351 2127 1603 2233 Qod
1650 2151 1740 2211 ut
1786 2127 1991 2247 mihi·
2032 2085 2715 2245 efficaciuspersua·

547 2228 914 2331 deres,a
910 2230 1166 2348 ebas,
1213 2238 1742 2327 convicturum
1790 2262 1925 2313 me
1958 2233 2045 2313 in
2090 2232 2461 2324 'consortio
2526 2232 2715 2313 duo-.-

547 2354 738 2453 rum·
769 2361 896 2415 coe
929 2332 1127 2427 ibent
1174 2334 1433 2425 vitam
1487 2334 1949 2440 agentium,
2000 2334 2173 2418 Tui
2227 2354 2495 2439 nempe
2533 2394 2558 2435 ,
2625 2358 2711 2415 et

417 2474 428 2481 ·
542 2434 919 2520 carissimi
969 2438 1245 2558 sororis·
1265 2439 1443 2535 filii
1477 2440 1584 2518 D.
1610 2440 1717 2521 D.
1730 2396 2011 2522 Caroli
2064 2442 2378 2523 aserna
2404 2498 2429 2538 ,
2482 2466 2707 2540 quem

541 2538 751 2621 alias
793 2568 1162 2632 noveram
1211 2538 1294 2623 in
1344 2540 1909 2643 adolescentia,
1946 2563 2124 2649 post
2164 2540 2571 2641 ingratiis,
2624 2564 2710 2621 et

541 2643 959 2745 aegerrime
1009 2642 1162 2725 rel
1130 2668 1367 2729 ictum
1417 2644 1644 2727 vitae
1684 2674 2007 2747 genus,
2082 2644 2469 2737 natalibus
2484 2704 2513 2743 ,
2580 2642 2705 2728 in-

530 2748 810 2865 genio,
850 2769 931 2826 et
957 2745 1265 2867 puerili
1299 2748 1759 2833 educatione
1805 2778 1939 2832 sua
1971 2748 2343 2850 dignum,
2381 2750 2513 2827 sub
2559 2768 2704 2827 tua

537 2848 984 2970 disciplina
1027 2850 1466 2966 insigniter
1532 2850 1994 2935 eruditum.
2099 2850 2462 2932 Addebas
2512 2910 2576 2967 ⁹.
2610 2850 2699 2937 in

543 2956 853 3039 aedibus
920 2948 1081 3033 tuis
1147 2982 1269 3039 me
1335 2952 1771 3039 habiturum
1838 2954 2105 3075 (quod
2176 2982 2298 3034 me
2366 2944 2707 3061 maximi

539 3036 996 3149 allecturum
1060 3057 1365 3163 putasti
1417 3118 1445 3161 ,
1521 3082 1611 3141 ut
1664 3058 1863 3142 Tibi
1935 3070 2212 3139 morem
2268 3065 2616 3172 gererem
2632 3054 2699 3155 l

535 3160 1066 3247 bibliothecam
1158 3163 1260 3243 ad
1354 3189 1386 3241 1
1401 3188 1444 3261 ς
1500 3161 1763 3245 millia
1834 3160 2347 3245 voluminibus
2424 3176 2697 3240 varta-

530 3293 702 3348 rum
731 3246 1370 3365 Disciplinarum
1442 3264 1965 3368 instructam,
2049 3263 2136 3347 in
2210 3292 2361 3367 qua
2424 3262 2695 3344 avidi-

533 3393 659 3456 tas
673 3429 729 3470 ,
753 3388 834 3448 et
883 3367 1057 3451 sitis
1109 3396 1280 3447 mea
1329 3368 1641 3459 legendi
1679 3392 1929 3487 posset
1937 3327 2275 3485 affatim
2328 3366 2619 3469 expleri
2658 3428 2695 3467 ,

532 3482 800 3575 meque
861 3473 1117 3555 deesse
1181 3494 1261 3551 et
1339 3470 1538 3550 Tibi
1592 3530 1619 3573 ,
1688 3500 1769 3553 et
1842 3472 2063 3555 libris
2128 3470 2290 3552 tuis
2346 3490 2485 3586 pro
2550 3492 2695 3550 tua

530 3575 910 3676 singulari
955 3572 1444 3659 humanitate
1496 3598 1774 3679 parum
1816 3605 2103 3678 gnarus
2158 3573 2461 3675 ingenit
2532 3574 2695 3655 mei

532 3678 1096 3763 imbecillitatis
1163 3675 1640 3780 affirmabas.
2684 3722 2693 3731 ·

561 3784 978 3883 Inficiari
1044 3814 1202 3873 non
1249 3806 1579 3895 possum
1606 3842 1634 3888 ,
1722 3784 1833 3867 mi
1902 3786 2194 3863 81³1ko
2262 3778 2655 3948 Aaron}
2659 3828 2695 3883 ,

2520 3906 2557 3947 Β
