<?xml version="1.0" encoding="UTF-8"?>
<!DOCTYPE html PUBLIC "-//W3C//DTD XHTML 1.0 Transitional//EN"
    "http://www.w3.org/TR/xhtml1/DTD/xhtml1-transitional.dtd">
<html xmlns="http://www.w3.org/1999/xhtml" xml:lang="en" lang="en">
 <head>
  <title>
</title>
<meta http-equiv="Content-Type" content="text/html;charset=utf-8" />
  <meta name='ocr-system' content='tesseract 3.04.00' />
  <meta name='ocr-capabilities' content='ocr_page ocr_carea ocr_par ocr_line ocrx_word'/>
</head>
<body>
  <div class='ocr_page' id='page_1' title='image "./matthaeiaimeric01aymegoog/matthaeiaimeric01aymegoog_0018.png"; bbox 0 0 2985 4387; ppageno 0'>
   <div class='ocr_carea' id='block_1_1' title="bbox 539 343 2849 3005">
    <p class='ocr_par' dir='ltr' id='par_1_1' title="bbox 539 343 2849 3005">
     <span class='ocr_line' id='line_1_1' title="bbox 647 343 1695 404; baseline 0.008 -8"><span class='ocrx_word' id='word_1_1' title='bbox 647 343 765 396; x_wconf 59' lang='lat'><em>811</em></span> <span class='ocrx_word' id='word_1_2' title='bbox 795 373 812 382; x_wconf 80' lang='lat'>-</span> <span class='ocrx_word' id='word_1_3' title='bbox 1127 371 1174 402; x_wconf 71' lang='lat' dir='ltr'><em>f</em></span> <span class='ocrx_word' id='word_1_4' title='bbox 1690 399 1695 404; x_wconf 94' lang='lat'>.</span> 
     </span>
     <span class='ocr_line' id='line_1_2' title="bbox 565 419 2717 538; baseline -0.003 -24"><span class='ocrx_word' id='word_1_5' title='bbox 565 457 664 538; x_wconf 78' lang='lat' dir='ltr'><em>ne</em></span> <span class='ocrx_word' id='word_1_6' title='bbox 711 426 1010 532; x_wconf 80' lang='lat' dir='ltr'><em>magnis</em></span> <span class='ocrx_word' id='word_1_7' title='bbox 1058 421 1397 533; x_wconf 66' lang='lat' dir='ltr'><em>expensis</em></span> <span class='ocrx_word' id='word_1_8' title='bbox 1445 421 1875 530; x_wconf 80' lang='lat' dir='ltr'><em>collegisti,</em></span> <span class='ocrx_word' id='word_1_9' title='bbox 1928 423 2451 532; x_wconf 77' lang='lat' dir='ltr'><em>Hispanorum</em></span> <span class='ocrx_word' id='word_1_10' title='bbox 2506 419 2717 508; x_wconf 83' lang='lat' dir='ltr'><em>Eru-</em></span> 
     </span>
     <span class='ocr_line' id='line_1_3' title="bbox 566 529 2849 651; baseline -0.001 -36"><span class='ocrx_word' id='word_1_11' title='bbox 566 537 903 616; x_wconf 82' lang='lat' dir='ltr'><em>ditorum</em></span> <span class='ocrx_word' id='word_1_12' title='bbox 953 533 1047 612; x_wconf 82' lang='lat' dir='ltr'><em>in</em></span> <span class='ocrx_word' id='word_1_13' title='bbox 1075 533 1356 636; x_wconf 90' lang='lat' dir='ltr'><em>primis</em></span> <span class='ocrx_word' id='word_1_14' title='bbox 1407 591 1435 632; x_wconf 83' lang='lat'>,</span> <span class='ocrx_word' id='word_1_15' title='bbox 1506 561 1699 636; x_wconf 88' lang='lat' dir='ltr'><em>quae</em></span> <span class='ocrx_word' id='word_1_16' title='bbox 1745 529 1987 630; x_wconf 81' lang='lat' dir='ltr'><em>curis,</em></span> <span class='ocrx_word' id='word_1_17' title='bbox 2060 547 2151 612; x_wconf 78' lang='lat' dir='ltr'><em>‘ut</em></span> <span class='ocrx_word' id='word_1_18' title='bbox 2198 553 2406 651; x_wconf 74' lang='lat' dir='ltr'><em>spero</em></span> <span class='ocrx_word' id='word_1_19' title='bbox 2452 590 2482 632; x_wconf 87' lang='lat'>,</span> <span class='ocrx_word' id='word_1_20' title='bbox 2555 530 2721 612; x_wconf 84' lang='lat' dir='ltr'><em>tuis</em></span> <span class='ocrx_word' id='word_1_21' title='bbox 2836 613 2849 625; x_wconf 73' lang='grc'><strong><em>,</em></strong></span> 
     </span>
     <span class='ocr_line' id='line_1_4' title="bbox 553 634 2715 742; baseline -0.002 -24"><span class='ocrx_word' id='word_1_22' title='bbox 553 637 942 742; x_wconf 83' lang='lat' dir='ltr'><em>publicam</em></span> <span class='ocrx_word' id='word_1_23' title='bbox 1013 635 1256 717; x_wconf 86' lang='lat' dir='ltr'><em>lucem</em></span> <span class='ocrx_word' id='word_1_24' title='bbox 1322 635 1701 717; x_wconf 87' lang='lat' dir='ltr'><em>videbunt</em></span> <span class='ocrx_word' id='word_1_25' title='bbox 1754 689 1775 715; x_wconf 86' lang='lat'><strong>.</strong></span> <span class='ocrx_word' id='word_1_26' title='bbox 1868 634 2049 713; x_wconf 86' lang='lat' dir='ltr'><em>Non</em></span> <span class='ocrx_word' id='word_1_27' title='bbox 2122 663 2326 717; x_wconf 86' lang='lat' dir='ltr'><em>emm</em></span> <span class='ocrx_word' id='word_1_28' title='bbox 2395 661 2627 716; x_wconf 82' lang='lat' dir='ltr'><em>cessas</em></span> <span class='ocrx_word' id='word_1_29' title='bbox 2680 693 2715 736; x_wconf 88' lang='lat'>‚</span> 
     </span>
     <span class='ocr_line' id='line_1_5' title="bbox 561 737 2711 852; baseline -0.001 -33"><span class='ocrx_word' id='word_1_30' title='bbox 561 741 715 821; x_wconf 81' lang='lat' dir='ltr'><em>His</em></span> <span class='ocrx_word' id='word_1_31' title='bbox 764 767 1073 821; x_wconf 87' lang='lat' dir='ltr'><em>anorum</em></span> <span class='ocrx_word' id='word_1_32' title='bbox 1147 738 1714 820; x_wconf 83' lang='lat' dir='ltr'><em>Litteraturam</em></span> <span class='ocrx_word' id='word_1_33' title='bbox 1764 799 1791 838; x_wconf 84' lang='lat'>‚</span> <span class='ocrx_word' id='word_1_34' title='bbox 1858 737 2269 852; x_wconf 38' lang='lat' dir='ltr'><em>‘eorundem</em></span> <span class='ocrx_word' id='word_1_35' title='bbox 2323 737 2625 819; x_wconf 86' lang='lat' dir='ltr'><em>incuria</em></span> <span class='ocrx_word' id='word_1_36' title='bbox 2676 796 2711 838; x_wconf 88' lang='lat'>‚</span> 
     </span>
     <span class='ocr_line' id='line_1_6' title="bbox 567 838 2711 944; baseline -0.001 -22"><span class='ocrx_word' id='word_1_37' title='bbox 567 873 674 924; x_wconf 79' lang='lat' dir='ltr'><em>ve</em></span> <span class='ocrx_word' id='word_1_38' title='bbox 725 841 1016 924; x_wconf 81' lang='lat' dir='ltr'><em>-laudis&#39;</em></span> <span class='ocrx_word' id='word_1_39' title='bbox 1061 841 1266 923; x_wconf 82' lang='lat' dir='ltr'><em>baud</em></span> <span class='ocrx_word' id='word_1_40' title='bbox 1312 869 1495 921; x_wconf 89' lang='lat' dir='ltr'><em>sane</em></span> <span class='ocrx_word' id='word_1_41' title='bbox 1561 838 1938 923; x_wconf 75' lang='lat' dir='ltr'><em>laudabili</em></span> <span class='ocrx_word' id='word_1_42' title='bbox 2000 864 2289 920; x_wconf 86' lang='lat' dir='ltr'><em>contem</em></span> <span class='ocrx_word' id='word_1_43' title='bbox 2338 863 2428 924; x_wconf 84' lang='lat' dir='ltr'><em>tu</em></span> <span class='ocrx_word' id='word_1_44' title='bbox 2502 840 2711 944; x_wconf 77' lang='lat' dir='ltr'><em>apud</em></span> 
     </span>
     <span class='ocr_line' id='line_1_7' title="bbox 567 941 2719 1050; baseline -0.001 -26"><span class='ocrx_word' id='word_1_45' title='bbox 567 969 852 1028; x_wconf 75' lang='lat' dir='ltr'><em>exteros</em></span> <span class='ocrx_word' id='word_1_46' title='bbox 880 968 1156 1050; x_wconf 84' lang='lat' dir='ltr'><em>parum</em></span> <span class='ocrx_word' id='word_1_47' title='bbox 1194 968 1451 1027; x_wconf 88' lang='lat' dir='ltr'><em>notam</em></span> <span class='ocrx_word' id='word_1_48' title='bbox 1473 1005 1501 1044; x_wconf 88' lang='lat'>‚</span> <span class='ocrx_word' id='word_1_49' title='bbox 1550 943 1633 1024; x_wconf 85' lang='lat' dir='ltr'><em>in</em></span> <span class='ocrx_word' id='word_1_50' title='bbox 1656 941 1937 1041; x_wconf 79' lang='lat' dir='ltr'><em>Belgio</em></span> <span class='ocrx_word' id='word_1_51' title='bbox 1957 943 2220 1046; x_wconf 83' lang='lat' dir='ltr'><em>pa&#39;lam</em></span> <span class='ocrx_word' id='word_1_52' title='bbox 2298 971 2509 1026; x_wconf 86' lang='lat' dir='ltr'><em>acere</em></span> <span class='ocrx_word' id='word_1_53' title='bbox 2542 969 2719 1024; x_wconf 87' lang='lat' dir='ltr'><em>cum</em></span> 
     </span>
     <span class='ocr_line' id='line_1_8' title="bbox 561 1043 2717 1149; baseline -0.002 -21"><span class='ocrx_word' id='word_1_54' title='bbox 561 1047 764 1129; x_wconf 78' lang='lat' dir='ltr'><em>viris</em></span> <span class='ocrx_word' id='word_1_55' title='bbox 813 1050 1254 1129; x_wconf 84' lang='lat' dir='ltr'><em>litterarum</em></span> <span class='ocrx_word' id='word_1_56' title='bbox 1303 1046 1757 1128; x_wconf 74' lang='lat' dir='ltr'><em>amatoribus</em></span> <span class='ocrx_word' id='word_1_57' title='bbox 1808 1044 2354 1128; x_wconf 86' lang='lat' dir='ltr'><em>communicans</em></span> <span class='ocrx_word' id='word_1_58' title='bbox 2372 1108 2400 1149; x_wconf 86' lang='lat'>,</span> <span class='ocrx_word' id='word_1_59' title='bbox 2468 1069 2551 1126; x_wconf 88' lang='lat' dir='ltr'><em>et</em></span> <span class='ocrx_word' id='word_1_60' title='bbox 2596 1043 2717 1126; x_wconf 84' lang='lat' dir='ltr'><em>eis</em></span> 
     </span>
     <span class='ocr_line' id='line_1_9' title="bbox 563 1147 2711 1254; baseline -0.001 -26"><span class='ocrx_word' id='word_1_61' title='bbox 563 1154 956 1233; x_wconf 82' lang='lat' dir='ltr'><em>ostendens</em></span> <span class='ocrx_word' id='word_1_62' title='bbox 1007 1179 1256 1232; x_wconf 87' lang='lat' dir='ltr'><em>eorum</em></span> <span class='ocrx_word' id='word_1_63' title='bbox 1306 1151 1633 1230; x_wconf 76' lang='lat' dir='ltr'><em>maxime</em></span> <span class='ocrx_word' id='word_1_64' title='bbox 1682 1147 2271 1230; x_wconf 80' lang='lat' dir='ltr'><em>Lucubrationes</em></span> <span class='ocrx_word' id='word_1_65' title='bbox 2294 1211 2323 1252; x_wconf 84' lang='lat'>,</span> <span class='ocrx_word' id='word_1_66' title='bbox 2374 1178 2567 1254; x_wconf 80' lang='lat' dir='ltr'><em>quae</em></span> <span class='ocrx_word' id='word_1_67' title='bbox 2618 1148 2711 1227; x_wconf 87' lang='lat' dir='ltr'><em>in</em></span> 
     </span>
     <span class='ocr_line' id='line_1_10' title="bbox 560 1251 2707 1356; baseline -0.001 -23"><span class='ocrx_word' id='word_1_68' title='bbox 560 1253 720 1334; x_wconf 76' lang='lat' dir='ltr'><em>die-s</em></span> <span class='ocrx_word' id='word_1_69' title='bbox 785 1279 954 1336; x_wconf 83' lang='lat' dir='ltr'><em>tum</em></span> <span class='ocrx_word' id='word_1_70' title='bbox 1013 1275 1241 1356; x_wconf 84' lang='lat' dir='ltr'><em>prosa</em></span> <span class='ocrx_word' id='word_1_71' title='bbox 1271 1311 1298 1350; x_wconf 89' lang='lat'>‚</span> <span class='ocrx_word' id='word_1_72' title='bbox 1374 1276 1542 1332; x_wconf 89' lang='lat' dir='ltr'><em>tum</em></span> <span class='ocrx_word' id='word_1_73' title='bbox 1594 1281 1821 1334; x_wconf 87' lang='lat' dir='ltr'><em>versu</em></span> <span class='ocrx_word' id='word_1_74' title='bbox 1885 1273 2031 1354; x_wconf 87' lang='lat' dir='ltr'><em>per</em></span> <span class='ocrx_word' id='word_1_75' title='bbox 2078 1251 2285 1332; x_wconf 88' lang='lat' dir='ltr'><em>hosce</em></span> <span class='ocrx_word' id='word_1_76' title='bbox 2332 1279 2565 1332; x_wconf 90' lang='lat' dir='ltr'><em>annos</em></span> <span class='ocrx_word' id='word_1_77' title='bbox 2620 1251 2707 1331; x_wconf 88' lang='lat' dir='ltr'><em>in</em></span> 
     </span>
     <span class='ocr_line' id='line_1_11' title="bbox 557 1353 2708 1460; baseline 0.001 -26"><span class='ocrx_word' id='word_1_78' title='bbox 557 1356 801 1436; x_wconf 84' lang='lat' dir='ltr'><em>Italia</em></span> <span class='ocrx_word' id='word_1_79' title='bbox 837 1357 1219 1460; x_wconf 88' lang='lat' dir='ltr'><em>prodeunt</em></span> <span class='ocrx_word' id='word_1_80' title='bbox 1267 1355 1364 1434; x_wconf 89' lang='lat' dir='ltr'><em>de</em></span> <span class='ocrx_word' id='word_1_81' title='bbox 1413 1354 1881 1454; x_wconf 79' lang='lat' dir='ltr'><em>argumentis</em></span> <span class='ocrx_word' id='word_1_82' title='bbox 1932 1353 2250 1435; x_wconf 89' lang='lat' dir='ltr'><em>minime</em></span> <span class='ocrx_word' id='word_1_83' title='bbox 2289 1354 2655 1458; x_wconf 78' lang='lat' dir='ltr'><em>protritis</em></span> <span class='ocrx_word' id='word_1_84' title='bbox 2673 1414 2708 1457; x_wconf 89' lang='lat'>‚</span> 
     </span>
     <span class='ocr_line' id='line_1_12' title="bbox 557 1456 2753 1560; baseline 0.001 -23"><span class='ocrx_word' id='word_1_85' title='bbox 557 1487 750 1560; x_wconf 80' lang='lat' dir='ltr'><em>quae</em></span> <span class='ocrx_word' id='word_1_86' title='bbox 832 1459 1202 1538; x_wconf 83' lang='lat' dir='ltr'><em>Italorum</em></span> <span class='ocrx_word' id='word_1_87' title='bbox 1287 1456 1791 1538; x_wconf 86' lang='lat' dir='ltr'><em>Eruditorum</em></span> <span class='ocrx_word' id='word_1_88' title='bbox 1872 1459 2593 1540; x_wconf 79' lang='lat' dir='ltr'><em>commendationem</em></span> <span class='ocrx_word' id='word_1_89' title='bbox 2670 1513 2709 1558; x_wconf 79' lang='lat'><strong>,</strong></span> <span class='ocrx_word' id='word_1_90' title='bbox 2746 1489 2753 1494; x_wconf 85' lang='grc'><em>·</em></span> 
     </span>
     <span class='ocr_line' id='line_1_13' title="bbox 556 1555 2709 1666; baseline -0 -25"><span class='ocrx_word' id='word_1_91' title='bbox 556 1555 914 1664; x_wconf 84' lang='lat' dir='ltr'><em>depositis</em></span> <span class='ocrx_word' id='word_1_92' title='bbox 967 1561 1308 1664; x_wconf 84' lang='lat' dir='ltr'><em>antiquis</em></span> <span class='ocrx_word' id='word_1_93' title='bbox 1346 1560 1849 1664; x_wconf 85' lang='lat' dir='ltr'><em>praejudiciis</em></span> <span class='ocrx_word' id='word_1_94' title='bbox 1881 1563 1980 1644; x_wconf 88' lang='lat' dir='ltr'><em>de</em></span> <span class='ocrx_word' id='word_1_95' title='bbox 2017 1559 2531 1666; x_wconf 85' lang='lat' dir='ltr'><em>Hispanorum</em></span> <span class='ocrx_word' id='word_1_96' title='bbox 2564 1559 2709 1640; x_wconf 88' lang='lat' dir='ltr'><em>lit·-</em></span> 
     </span>
     <span class='ocr_line' id='line_1_14' title="bbox 553 1661 2715 1766; baseline -0.001 -22"><span class='ocrx_word' id='word_1_97' title='bbox 553 1687 945 1764; x_wconf 84' lang='lat' dir='ltr'><em>teratura,</em></span> <span class='ocrx_word' id='word_1_98' title='bbox 997 1695 1221 1766; x_wconf 84' lang='lat' dir='ltr'><em>quam</em></span> <span class='ocrx_word' id='word_1_99' title='bbox 1272 1663 1380 1745; x_wconf 87' lang='lat' dir='ltr'><em>in·</em></span> <span class='ocrx_word' id='word_1_100' title='bbox 1407 1663 1569 1744; x_wconf 91' lang='lat' dir='ltr'><em>sola</em></span> <span class='ocrx_word' id='word_1_101' title='bbox 1621 1661 2086 1746; x_wconf 81' lang='lat' dir='ltr'><em>Scholastica</em></span> <span class='ocrx_word' id='word_1_102' title='bbox 2132 1663 2568 1746; x_wconf 80' lang='lat' dir='ltr'><em>subtilitate</em></span> <span class='ocrx_word' id='word_1_103' title='bbox 2605 1661 2715 1743; x_wconf 86' lang='lat' dir='ltr'><em>si·</em></span> 
     </span>
     <span class='ocr_line' id='line_1_15' title="bbox 551 1763 2731 1871; baseline 0 -25"><span class='ocrx_word' id='word_1_104' title='bbox 551 1789 720 1846; x_wconf 87' lang='lat' dir='ltr'><em>tam</em></span> <span class='ocrx_word' id='word_1_105' title='bbox 772 1772 1155 1871; x_wconf 82' lang='lat' dir='ltr'><em>putabant</em></span> <span class='ocrx_word' id='word_1_106' title='bbox 1190 1829 1219 1871; x_wconf 87' lang='lat'>‚</span> <span class='ocrx_word' id='word_1_107' title='bbox 1293 1763 1448 1862; x_wconf 71' lang='lat' dir='ltr'><em>sibi</em></span> <span class='ocrx_word' id='word_1_108' title='bbox 1505 1767 2012 1848; x_wconf 83' lang='lat' dir='ltr'><em>conciliarunt</em></span> <span class='ocrx_word' id='word_1_109' title='bbox 2046 1827 2069 1846; x_wconf 90' lang='lat'><strong>.</strong></span> <span class='ocrx_word' id='word_1_110' title='bbox 2164 1769 2487 1866; x_wconf 83' lang='lat' dir='ltr'><em>Istorum</em></span> <span class='ocrx_word' id='word_1_111' title='bbox 2554 1764 2731 1846; x_wconf 65' lang='lat' dir='ltr'><em>Hi-</em></span> 
     </span>
     <span class='ocr_line' id='line_1_16' title="bbox 555 1869 2709 1974; baseline -0.001 -25"><span class='ocrx_word' id='word_1_112' title='bbox 555 1893 952 1974; x_wconf 86' lang='lat' dir='ltr'><em>spanorum</em></span> <span class='ocrx_word' id='word_1_113' title='bbox 974 1932 1001 1971; x_wconf 85' lang='lat'>‚</span> <span class='ocrx_word' id='word_1_114' title='bbox 1057 1893 1138 1952; x_wconf 88' lang='lat' dir='ltr'><em>et</em></span> <span class='ocrx_word' id='word_1_115' title='bbox 1189 1869 1554 1969; x_wconf 85' lang='lat' dir='ltr'><em>aliorum,</em></span> <span class='ocrx_word' id='word_1_116' title='bbox 1624 1869 1759 1972; x_wconf 87' lang='lat' dir='ltr'><em>qui</em></span> <span class='ocrx_word' id='word_1_117' title='bbox 1813 1870 1898 1950; x_wconf 92' lang='lat' dir='ltr'><em>in</em></span> <span class='ocrx_word' id='word_1_118' title='bbox 1954 1869 2341 1972; x_wconf 76' lang='lat' dir='ltr'><em>Hispania</em></span> <span class='ocrx_word' id='word_1_119' title='bbox 2388 1896 2709 1950; x_wconf 84' lang='lat' dir='ltr'><em>versan-</em></span> 
     </span>
     <span class='ocr_line' id='line_1_17' title="bbox 551 1970 2707 2073; baseline -0.001 -21"><span class='ocrx_word' id='word_1_120' title='bbox 551 1996 683 2052; x_wconf 86' lang='lat' dir='ltr'><em>tur</em></span> <span class='ocrx_word' id='word_1_121' title='bbox 707 2031 732 2072; x_wconf 88' lang='lat'>‚</span> <span class='ocrx_word' id='word_1_122' title='bbox 788 1975 1144 2054; x_wconf 72' lang='lat' dir='ltr'><em>Wrorum</em></span> <span class='ocrx_word' id='word_1_123' title='bbox 1195 1970 1789 2054; x_wconf 83' lang='lat' dir='ltr'><em>doctissimorum</em></span> <span class='ocrx_word' id='word_1_124' title='bbox 1863 1972 2168 2051; x_wconf 88' lang='lat' dir='ltr'><em>nomine</em></span> <span class='ocrx_word' id='word_1_125' title='bbox 2212 2033 2240 2073; x_wconf 89' lang='lat'>,</span> <span class='ocrx_word' id='word_1_126' title='bbox 2312 1971 2510 2052; x_wconf 84' lang='lat' dir='ltr'><em>Tibi</em></span> <span class='ocrx_word' id='word_1_127' title='bbox 2555 1994 2707 2073; x_wconf 84' lang='lat' dir='ltr'><em>pro</em></span> 
     </span>
     <span class='ocr_line' id='line_1_18' title="bbox 547 2067 2719 2179; baseline 0 -26"><span class='ocrx_word' id='word_1_128' title='bbox 547 2074 709 2154; x_wconf 85' lang='lat' dir='ltr'><em>tuis</em></span> <span class='ocrx_word' id='word_1_129' title='bbox 777 2075 865 2157; x_wconf 90' lang='lat' dir='ltr'><em>in</em></span> <span class='ocrx_word' id='word_1_130' title='bbox 933 2103 1052 2159; x_wconf 88' lang='lat' dir='ltr'><em>eos</em></span> <span class='ocrx_word' id='word_1_131' title='bbox 1117 2072 1399 2156; x_wconf 86' lang='lat' dir='ltr'><em>studiis</em></span> <span class='ocrx_word' id='word_1_132' title='bbox 1451 2133 1479 2174; x_wconf 86' lang='lat'>,</span> <span class='ocrx_word' id='word_1_133' title='bbox 1553 2099 1633 2154; x_wconf 88' lang='lat' dir='ltr'><em>et</em></span> <span class='ocrx_word' id='word_1_134' title='bbox 1684 2067 1954 2172; x_wconf 79' lang='lat' dir='ltr'><em>officiis</em></span> <span class='ocrx_word' id='word_1_135' title='bbox 2004 2133 2031 2174; x_wconf 83' lang='lat'>,</span> <span class='ocrx_word' id='word_1_136' title='bbox 2108 2099 2293 2179; x_wconf 84' lang='lat' dir='ltr'><em>quas</em></span> <span class='ocrx_word' id='word_1_137' title='bbox 2342 2070 2719 2154; x_wconf 70' lang='lat' dir='ltr'><em>maximas</em></span> 
     </span>
     <span class='ocr_line' id='line_1_19' title="bbox 539 2177 2713 2285; baseline 0 -28"><span class='ocrx_word' id='word_1_138' title='bbox 539 2200 885 2282; x_wconf 85' lang='lat' dir='ltr'><em>possum,</em></span> <span class='ocrx_word' id='word_1_139' title='bbox 926 2178 1232 2279; x_wconf 82' lang='lat' dir='ltr'><em>gratias</em></span> <span class='ocrx_word' id='word_1_140' title='bbox 1277 2177 1505 2258; x_wconf 86' lang='lat' dir='ltr'><em>habeo</em></span> <span class='ocrx_word' id='word_1_141' title='bbox 1554 2237 1581 2278; x_wconf 87' lang='lat'>,</span> <span class='ocrx_word' id='word_1_142' title='bbox 1648 2193 1728 2257; x_wconf 79' lang='lat' dir='ltr'><em>e‘t</em></span> <span class='ocrx_word' id='word_1_143' title='bbox 1801 2180 2051 2259; x_wconf 86' lang='lat' dir='ltr'><em>Deum</em></span> <span class='ocrx_word' id='word_1_144' title='bbox 2104 2177 2325 2259; x_wconf 77' lang='lat' dir='ltr'><em>enixe</em></span> <span class='ocrx_word' id='word_1_145' title='bbox 2362 2202 2627 2285; x_wconf 85' lang='lat' dir='ltr'><em>precor</em></span> <span class='ocrx_word' id='word_1_146' title='bbox 2677 2238 2713 2285; x_wconf 76' lang='lat'>‚</span> 
     </span>
     <span class='ocr_line' id='line_1_20' title="bbox 551 2276 2726 2381; baseline -0.002 -20"><span class='ocrx_word' id='word_1_147' title='bbox 551 2304 642 2361; x_wconf 90' lang='lat' dir='ltr'><em>ut</em></span> <span class='ocrx_word' id='word_1_148' title='bbox 693 2276 824 2364; x_wconf 88' lang='lat' dir='ltr'><em>Te</em></span> <span class='ocrx_word' id='word_1_149' title='bbox 872 2340 900 2381; x_wconf 87' lang='lat'>‚</span> <span class='ocrx_word' id='word_1_150' title='bbox 975 2304 1065 2363; x_wconf 87' lang='lat' dir='ltr'><em>ut</em></span> <span class='ocrx_word' id='word_1_151' title='bbox 1113 2278 1325 2371; x_wconf 81' lang='lat' dir='ltr'><em>Tuos</em></span> <span class='ocrx_word' id='word_1_152' title='bbox 1377 2277 1588 2365; x_wconf 89' lang='lat' dir='ltr'><em>bonis</em></span> <span class='ocrx_word' id='word_1_153' title='bbox 1637 2282 1973 2363; x_wconf 86' lang='lat' dir='ltr'><em>omnibus</em></span> <span class='ocrx_word' id='word_1_154' title='bbox 2022 2282 2397 2381; x_wconf 86' lang='lat' dir='ltr'><em>cumulet,</em></span> <span class='ocrx_word' id='word_1_155' title='bbox 2452 2304 2530 2361; x_wconf 86' lang='lat' dir='ltr'><em>et</em></span> <span class='ocrx_word' id='word_1_156' title='bbox 2583 2281 2726 2361; x_wconf 78' lang='lat' dir='ltr'><em>in...</em></span> 
     </span>
     <span class='ocr_line' id='line_1_21' title="bbox 553 2380 2709 2487; baseline -0.002 -22"><span class='ocrx_word' id='word_1_157' title='bbox 553 2383 873 2467; x_wconf 86' lang='lat' dir='ltr'><em>columes</em></span> <span class='ocrx_word' id='word_1_158' title='bbox 955 2406 1214 2465; x_wconf 85' lang='lat' dir='ltr'><em>servet</em></span> <span class='ocrx_word' id='word_1_159' title='bbox 1255 2444 1283 2485; x_wconf 87' lang='lat'>,</span> <span class='ocrx_word' id='word_1_160' title='bbox 1371 2412 1513 2485; x_wconf 88' lang='lat' dir='ltr'><em>quo</em></span> <span class='ocrx_word' id='word_1_161' title='bbox 1586 2408 1848 2487; x_wconf 86' lang='lat' dir='ltr'><em>coepta</em></span> <span class='ocrx_word' id='word_1_162' title='bbox 1928 2380 2194 2465; x_wconf 76' lang='lat' dir='ltr'><em>vestra</em></span> <span class='ocrx_word' id='word_1_163' title='bbox 2264 2386 2365 2464; x_wconf 91' lang='lat' dir='ltr'><em>ad</em></span> <span class='ocrx_word' id='word_1_164' title='bbox 2419 2382 2709 2487; x_wconf 88' lang='lat' dir='ltr'><em>Hispa·</em></span> 
     </span>
     <span class='ocr_line' id='line_1_22' title="bbox 552 2486 2711 2589; baseline -0.001 -22"><span class='ocrx_word' id='word_1_165' title='bbox 552 2486 728 2567; x_wconf 87' lang='lat' dir='ltr'><em>niae</em></span> <span class='ocrx_word' id='word_1_166' title='bbox 747 2548 774 2589; x_wconf 88' lang='lat'>‚</span> <span class='ocrx_word' id='word_1_167' title='bbox 830 2510 910 2567; x_wconf 86' lang='lat' dir='ltr'><em>et</em></span> <span class='ocrx_word' id='word_1_168' title='bbox 961 2488 1068 2567; x_wconf 93' lang='lat' dir='ltr'><em>D.</em></span> <span class='ocrx_word' id='word_1_169' title='bbox 1111 2488 1208 2568; x_wconf 86' lang='lat' dir='ltr'><em>O.</em></span> <span class='ocrx_word' id='word_1_170' title='bbox 1243 2486 1368 2567; x_wconf 90' lang='lat' dir='ltr'><em>M.</em></span> <span class='ocrx_word' id='word_1_171' title='bbox 1408 2487 1872 2588; x_wconf 86' lang='lat' dir='ltr'><em>praesertim</em></span> <span class='ocrx_word' id='word_1_172' title='bbox 1912 2488 2247 2587; x_wconf 74' lang='lat' dir='ltr'><em>gloriam</em></span> <span class='ocrx_word' id='word_1_173' title='bbox 2288 2487 2711 2589; x_wconf 72' lang='lat' dir='ltr'><em>perficere,</em></span> 
     </span>
     <span class='ocr_line' id='line_1_23' title="bbox 547 2584 2705 2692; baseline -0.001 -23"><span class='ocrx_word' id='word_1_174' title='bbox 547 2613 630 2669; x_wconf 88' lang='lat' dir='ltr'><em>et</em></span> <span class='ocrx_word' id='word_1_175' title='bbox 681 2590 782 2671; x_wconf 86' lang='lat' dir='ltr'><em>ad</em></span> <span class='ocrx_word' id='word_1_176' title='bbox 816 2584 1138 2689; x_wconf 81' lang='lat' dir='ltr'><em>felicem</em></span> <span class='ocrx_word' id='word_1_177' title='bbox 1191 2588 1480 2671; x_wconf 76' lang='lat' dir='ltr'><em>exitum</em></span> <span class='ocrx_word' id='word_1_178' title='bbox 1521 2592 1933 2692; x_wconf 83' lang='lat' dir='ltr'><em>perducere</em></span> <span class='ocrx_word' id='word_1_179' title='bbox 1982 2590 2369 2671; x_wconf 85' lang='lat' dir='ltr'><em>conatibus</em></span> <span class='ocrx_word' id='word_1_180' title='bbox 2400 2587 2705 2671; x_wconf 86' lang='lat' dir='ltr'><em>vestris</em></span> 
     </span>
     <span class='ocr_line' id='line_1_24' title="bbox 549 2692 2703 2797; baseline 0 -27"><span class='ocrx_word' id='word_1_181' title='bbox 549 2693 732 2771; x_wconf 89' lang='lat' dir='ltr'><em>bono</em></span> <span class='ocrx_word' id='word_1_182' title='bbox 769 2692 1071 2797; x_wconf 87' lang='lat' dir='ltr'><em>publico</em></span> <span class='ocrx_word' id='word_1_183' title='bbox 1123 2692 1450 2772; x_wconf 84' lang='lat' dir='ltr'><em>intentis</em></span> <span class='ocrx_word' id='word_1_184' title='bbox 1484 2692 1798 2794; x_wconf 87' lang='lat' dir='ltr'><em>po&#39;ssitis</em></span> <span class='ocrx_word' id='word_1_185' title='bbox 1832 2750 1853 2774; x_wconf 88' lang='lat'><strong>.</strong></span> <span class='ocrx_word' id='word_1_186' title='bbox 1944 2693 2257 2773; x_wconf 86' lang='lat' dir='ltr'><em>Interea</em></span> <span class='ocrx_word' id='word_1_187' title='bbox 2306 2722 2428 2771; x_wconf 89' lang='lat' dir='ltr'><em>me</em></span> <span class='ocrx_word' id='word_1_188' title='bbox 2478 2696 2703 2773; x_wconf 82' lang='lat' dir='ltr'><em>rebus</em></span> 
     </span>
     <span class='ocr_line' id='line_1_25' title="bbox 551 2782 2705 2895; baseline -0 -20"><span class='ocrx_word' id='word_1_189' title='bbox 551 2782 759 2877; x_wconf 86' lang='lat' dir='ltr'><em>Tuis</em></span> <span class='ocrx_word' id='word_1_190' title='bbox 814 2794 1416 2877; x_wconf 83' lang='lat' dir='ltr'><em>addictissimum</em></span> <span class='ocrx_word' id='word_1_191' title='bbox 1469 2823 1778 2893; x_wconf 82' lang='lat' dir='ltr'><em>agnosce</em></span> <span class='ocrx_word' id='word_1_192' title='bbox 1818 2856 1845 2895; x_wconf 86' lang='lat'>,</span> <span class='ocrx_word' id='word_1_193' title='bbox 1914 2817 1993 2874; x_wconf 88' lang='lat' dir='ltr'><em>et</em></span> <span class='ocrx_word' id='word_1_194' title='bbox 2048 2794 2253 2874; x_wconf 87' lang='lat' dir='ltr'><em>inter</em></span> <span class='ocrx_word' id='word_1_195' title='bbox 2306 2794 2508 2874; x_wconf 87' lang='lat' dir='ltr'><em>Tibi</em></span> <span class='ocrx_word' id='word_1_196' title='bbox 2550 2798 2705 2874; x_wconf 67' lang='lat' dir='ltr'><em>ob·</em></span> 
     </span>
     <span class='ocr_line' id='line_1_26' title="bbox 548 2895 2704 3005; baseline 0.001 -27"><span class='ocrx_word' id='word_1_197' title='bbox 548 2898 1147 3001; x_wconf 83' lang='lat' dir='ltr'><em>sequentissimos</em></span> <span class='ocrx_word' id='word_1_198' title='bbox 1233 2906 1543 2979; x_wconf 82' lang='lat' dir='ltr'><em>numera</em></span> <span class='ocrx_word' id='word_1_199' title='bbox 1592 2956 1615 2977; x_wconf 87' lang='lat'><strong>.</strong></span> <span class='ocrx_word' id='word_1_200' title='bbox 1707 2895 2033 2979; x_wconf 88' lang='lat' dir='ltr'><em>Bassani</em></span> <span class='ocrx_word' id='word_1_201' title='bbox 2116 2924 2236 2979; x_wconf 75' lang='lat'><em>11.-</em></span> <span class='ocrx_word' id='word_1_202' title='bbox 2296 2900 2477 2980; x_wconf 78' lang='lat' dir='ltr'><em>Kal.</em></span> <span class='ocrx_word' id='word_1_203' title='bbox 2550 2900 2704 3005; x_wconf 88' lang='lat' dir='ltr'><em>Jul.</em></span> 
     </span>
    </p>
   </div>
   <div class='ocr_carea' id='block_1_2' title="bbox 555 3000 2296 3134">
    <p class='ocr_par' dir='ltr' id='par_1_2' title="bbox 555 3000 2296 3134">
     <span class='ocr_line' id='line_1_27' title="bbox 555 3000 2296 3134; baseline -0.005 -52"><span class='ocrx_word' id='word_1_204' title='bbox 555 3032 755 3083; x_wconf 87' lang='lat' dir='ltr'><em>anno</em></span> <span class='ocrx_word' id='word_1_205' title='bbox 806 3000 1243 3089; x_wconf 71' lang='lat' dir='ltr'><em>Christiano</em></span> <span class='ocrx_word' id='word_1_206' title='bbox 1295 3002 2195 3134; x_wconf 75' lang='lat' dir='ltr'>CIDIDCCLXXXVII.</span> <span class='ocrx_word' id='word_1_207' title='bbox 2286 3066 2296 3074; x_wconf 87' lang='lat'><strong>.</strong></span> 
     </span>
    </p>
   </div>
  </div>
 </body>
</html>
