2985 4387
574 228 695 311 248
1525 218 1594 294 V
1639 226 1676 299 ἶ

494 333 728 401 Christi
765 332 1026 403 Viearios
1064 360 1105 403 a
1138 336 1439 421 pelleret.
1484 338 1580 405 Ea
1623 356 1840 421 nempe
1879 356 2032 423 quae
2076 335 2348 419 ignorant
2381 334 2686 421 blasphe-

496 436 665 485 mant
706 418 1099 489 lucubrationi
1146 442 1210 487 us
1255 421 1417 499 suis,
1464 440 1620 505 quae
1661 422 1939 503 quamvis
1981 420 2258 503 ineptae,
2313 438 2377 484 et
2432 424 2664 487 errori-

500 498 607 565 bus
648 501 1021 568 crassissimis
1060 504 1215 569 circa
1264 501 1505 581 divina,
1543 518 1606 566 et
1646 500 1909 567 bumana
1951 519 2276 580 scatentes,
2321 514 2384 567 ut
2424 524 2461 567 a
2499 522 2658 567 cae-

496 580 853 649 cutientibus
896 583 1131 665 editae,
1169 584 1250 651 ab
1291 603 1483 667 aeque
1525 582 1786 663 ineptis,
1827 598 1888 647 et
1931 580 2119 648 caecis
2182 602 2390 649 eorum
2451 584 2662 649 admi-

497 660 793 731 ratoribos
832 685 969 739 cum
1014 665 1223 746 plausu
1266 664 1580 747 leguntur.
1623 662 1814 732 Caeci
1860 664 2072 744 nempe
2110 684 2315 729 caecos
2373 663 2599 731 ducunt
2629 705 2664 744 ,

497 759 559 805 et
600 762 807 834 ornnes
850 749 914 811 in
955 744 1194 813 foveam
1236 760 1548 825 errorum,
1589 763 1650 811 et
1695 744 2078 825 impietatum
2122 746 2341 811 cadunt
2373 792 2392 809 .
2479 742 2652 811 Vide

502 830 789 890 Meritum
834 828 892 893 in
938 826 1062 895 M.
1106 826 1267 897 Novi
1308 826 1569 893 homines
1609 828 1670 891 in
1715 826 1784 892 N
1815 874 1832 891 .
1877 822 2222 910 Philosophi
2265 824 2436 893 inP.
2475 826 2648 894 Ovi-

500 906 632 973 dius
676 910 841 991 Eleg.
888 930 945 989 3.
990 913 1038 976 l.
1084 932 1119 977 2
1184 910 1260 975 de
1304 916 1487 974 Ponto
1525 908 1780 974 cecinit:

666 996 801 1057 Non
835 986 1029 1074 facile
1066 990 1339 1059 invenies
1380 985 1600 1083 multis·
1639 1014 1670 1055 e
1707 983 1993 1055 millibus
2019 1007 2254 1081 ‘ur-vum,

742 1068 1033 1139 Virtutem
1052 1119 1071 1151 ‚
1109 1074 1372 1156 pretium
1396 1120 1417 1153 ,
1462 1091 1569 1155 qui
1605 1085 1776 1153 putet
1819 1090 1942 1135 esse
1978 1068 2101 1134 sibe
2119 1114 2142 1137 .

669 1160 800 1238 Ipse
835 1153 1005 1219 decor
1043 1153 1189 1219 recti
1212 1200 1233 1231 ‚
1266 1150 1432 1238 sacti
1474 1148 1530 1217 si
1563 1147 1834 1235 praemia
1875 1147 2107 1229 desine,
2167 1174 2174 1194 ε

745 1244 877 1302 Non
917 1252 1113 1303 movet
1133 1285 1154 1318 ‚
1198 1255 1255 1300 et
1292 1231 1500 1317 gratis
1531 1229 1788 1315 poenitet
1832 1254 1955 1298 esse
2035 1230 2238 1296 robam
2260 1278 2281 1297 .

585 1312 827 1395 Viscus,
871 1316 989 1381 bini
1036 1316 1297 1396 ejusdem
1342 1314 1608 1383 nominis
1648 1313 1857 1380 fratres
1888 1359 1910 1392 ‚
2007 1314 2124 1379 octi
2185 1313 2412 1379 Poetae
2451 1355 2474 1389 ‚
2537 1308 2654 1379 filii

504 1396 683 1464 Vibii
729 1394 897 1463 Visci
944 1396 1229 1479 Augusto
1268 1398 1431 1475 cari,
1517 1398 1573 1461 ui
1621 1394 1763 1461 licet
1807 1396 1975 1461 valde
2037 1396 2198 1461 dives
2266 1395 2326 1460 in
2393 1396 2657 1477 equestri

499 1480 710 1546 ordine
748 1496 980 1553 manere
1022 1479 1257 1561 voluit,
1298 1498 1435 1545 curn
1519 1477 1632 1543 lios
1671 1476 1979 1543 Senatores
2021 1474 2250 1542 fecisset
2289 1522 2310 1542 .
2391 1478 2493 1545 De
2531 1474 2660 1541 illis

502 1583 641 1630 curn
685 1556 860 1625 laude
904 1560 1057 1628 Hor.
1099 1571 1228 1629 Sat.
1272 1564 1388 1627 ult.
1430 1558 1544 1626 lib.
1597 1582 1651 1625 ι.

578 1637 836 1722 Vispillo
874 1640 1011 1722 (Q.
1056 1642 1411 1721 Lucretius)
1452 1642 1682 1711 Orator
1720 1636 1781 1705 in
1823 1638 2068 1722 privatis
2111 1636 2404 1726 caussis,
2469 1656 2532 1703 et
2581 1656 2652 1703 a·

503 1740 713 1805 cutus,
755 1740 817 1792 et
855 1722 1277 1805 jurisperitus.
1320 1724 1418 1791 Ita
1461 1722 1600 1789 Cic.
1645 1720 1706 1785 in
1749 1728 1970 1789 Bruto..

1158 1846 1941 1915 cenomanum.

584 1964 723 2035 Vita
765 1966 1021 2035 humana
1044 1966 1381 2035 Comoedia
1423 1986 1513 2032 est
1542 2010 1565 2043 ‚
1603 1981 1662 2031 et
1703 1962 1969 2031 homines
2009 1960 2357 2059 Comoedi,
2397 1958 2652 2055 seuCo.

510 2051 780 2114 moediae
822 2050 1080 2116 Actores
1122 2050 1177 2113 in
1227 2049 1447 2115 Mundi
1498 2044 1773 2113 theatro·
1823 2046 1914 2109 lta
1967 2045 2278 2128 Epictetus
2321 2066 2382 2109 ln
2407 2050 2654 2113 Praece-

508 2126 644 2211 ptis
678 2132 795 2196 suis
818 2174 839 2208 ‚
882 2128 1023 2196 haec
1064 2150 1311 2197 monens
1340 2154 1365 2198 .·
1411 2138 1707 2196 Memento
1745 2134 2014 2191 Actor-em
2059 2146 2115 2191 te
2154 2148 2275 2193 esse
2317 2126 2635 2210 Fabulae,

512 2233 914 2300 quamcunqqe
955 2207 1013 2275 is
1052 2207 1208 2277 velit
1235 2255 1258 2286 ,
1294 2207 1404 2295 qui
1442 2212 1642 2278 docet:
1690 2209 1921 2276 brevem
1964 2206 2021 2274 si
2040 2208 2282 2277 brevis:
2327 2207 2386 2273 si
2412 2211 2658 2293 longam

512 2295 722 2373 longae
741 2338 758 2357 .
802 2299 867 2356 St
908 2293 1241 2358 mendacem
1284 2313 1454 2376 agere
1497 2311 1555 2358 te
1593 2287 1791 2371 velim
1831 2310 1890 2356 et
1935 2307 2071 2355 tunc
2111 2288 2406 2374 ingeniose
2447 2315 2590 2374 ages
2633 2315 2654 2360 :

510 2369 566 2438 si
608 2371 889 2438 claudum
910 2395 935 2434 .·
977 2373 1032 2464 .ςὶ
1076 2368 1445 2456 principem:
1488 2373 1548 2438 si
1586 2370 1941 2457 privatum.
1986 2369 2107 2464 ’.Διὶ
2146 2388 2204 2437 te
2263 2368 2424 2436 enim
2471 2371 2660 2468 perti.

514 2471 615 2520 net
635 2501 656 2532 ‚
694 2453 905 2519 datam
953 2453 1068 2518 ubi
1102 2473 1410 2538 personam
1453 2455 1593 2520 bene
1632 2475 1804 2538 agere
1839 2475 1864 2516 .·
1928 2454 2144 2536 elrgere
2182 2499 2205 2534 ,
2262 2453 2346 2518 ad
2399 2457 2596 2521 alum
2634 2503 2661 2523 .

514 2535 687 2602 Idem
735 2536 1047 2616 Epictetus
1088 2535 1326 2614 ajebat:
1368 2533 1636 2620 ’Siquis
1675 2531 1838 2598 cordi
1897 2533 2108 2600 haheat
2151 2581 2173 2615 ‚
2231 2551 2291 2598 et
2354 2535 2660 2604 obseruare

518 2635 679 2683 curet
718 2615 901 2686 verba
936 2617 1097 2684 duo:
1149 2615 1384 2685 Sustine
1411 2666 1433 2698 ‚
1471 2635 1534 2682 et
1576 2612 1809 2682 abstine
1836 2663 1856 2696 ‚
1895 2615 2094 2680 vitam
2135 2613 2307 2684 vivet
2348 2615 2658 2683 sanctissi-

514 2722 719 2775 mam,
760 2721 830 2762 ac
869 2696 1485 2792 trpnquillissimaem‚
1525 2717 1578 2764 et
1619 2687 2033 2788 impeccabilis·
2049 2697 2174 2780 flet
2207 2744 2228 2764 .
2310 2695 2410 2766 De
2447 2697 2662 2767 Brevi·

514 2797 641 2846 tate
680 2779 850 2848 Vitae
890 2781 1112 2847 librum
1154 2782 1385 2865 scripsit
1428 2783 1642 2848 Seneca
1663 2827 1682 2847 .
1729 2781 1827 2848 De
1865 2782 2006 2844 Vna
2049 2782 2340 2862 longaeva
2398 2780 2658 2848 nonnul-

514 2861 711 2930 lorum
756 2881 889 2945 post
930 2863 1227 2930 diluvium
1297 2863 1457 2930 Plin.
1498 2861 1722 2929 Histor.
1767 2869 1984 2929 Natur.
2027 2859 2139 2930 lib.
2179 2877 2243 2940 7.
2280 2879 2412 2944 cap.
2449 2865 2557 2944 48.
2595 2879 2657 2927 et

597 3021 881 3092 Vitellius
904 3074 923 3107 ,
965 3025 1197 3093 Orator
1224 3074 1245 3107 ‚
1284 3024 1588 3094 accusavit
1629 3023 1912 3091 Pisonem
1952 3019 2235 3091 maleficii
2294 3025 2354 3092 in
2386 3023 2649 3092 Germa·
2699 3077 2706 3080 .

512 3107 751 3180 uicum,
792 3127 971 3190 quern
1020 3127 1243 3173 veneno
1283 3107 1584 3173 sustulisse
1623 3128 1658 3170 e
1697 3108 1893 3172 medio
1936 3103 2230 3188 probabat
2278 3127 2328 3186 ,·
2374 3125 2453 3172 eo
2491 3105 2656 3193 quod

510 3209 614 3253 cor
654 3185 904 3252 defuncti
948 3189 1199 3254 cremari
1247 3189 1309 3280 in
1356 3207 1508 3280 rogo
1545 3187 1917 3274 nequiverit.
1960 3186 2059 3253 Ita
2107 3185 2265 3254 Plio.
2307 3189 2526 3258 lam.
2547 3208 2656 3275 37.

510 3275 591 3336 H.
638 3275 714 3334 Ν.
761 3269 854 3334 De
895 3289 968 3334 eo
1013 3269 1070 3331 in
1114 3277 1483 3352 Spectmme.
1909 3325 1918 3336 .

590 3346 879 3416 Vitellius
903 3391 927 3424 ,
968 3349 1304 3444 Imperator
1331 3345 1723 3440 „notabilem
1769 3349 2149 3432 patinam'ad
2191 3345 2494 3418 luxuriosa
2541 3367 2648 3418 sua

510 3430 785 3498 convivia
814 3480 835 3512 ‚
870 3430 1109 3510 -impeni
1156 3431 1373 3508 initio,
1416 3429 1542 3494 fieri
1590 3431 1798 3507 jussit.
1847 3431 1928 3498 Ei
1974 3429 2289 3497 faciendae·
2314 3433 2372 3496 in
2417 3435 2646 3513 campis

511 3509 717 3578 fornax
760 3509 870 3578 suit
910 3527 1245 3578 constructa
1290 3531 1410 3578 200
1440 3511 1745 3582 ,sexternis
1785 3531 1804 3574 t
1867 3513 2019 3578 unde
2062 3507 2422 3578 Patinamm
2461 3515 2648 3581 Palu-

511 3591 660 3672 des,
702 3593 863 3672 gravi
909 3593 1129 3674 probro
1166 3588 1409 3660 Vitellio
1449 3591 1718 3669 objectae
1756 3590 1994 3659 fuerunt
2059 3616 2093 3658 a
2137 3593 2438 3663 Muciano
2495 3593 2648 3663 Cos.

512 3673 867 3749 Vespasiani
915 3675 1109 3740 amico
1138 3723 1160 3754 ‚
1200 3676 1274 3738 de
1313 3694 1436 3758 quo
1476 3674 1538 3739 in
1583 3669 1909 3753 specimine
1933 3720 1954 3740 .
1999 3674 2158 3742 Vide
2201 3681 2408 3742 Luxus·
2443 3676 2506 3744 iu
2545 3675 2644 3760 L,

508 3774 569 3823 et
612 3754 792 3824 Coei.
836 3752 1105 3840 Rhodig.
1148 3753 1259 3824 lib.
1301 3775 1365 3841 9.
1402 3779 1458 3827 c.
1506 3777 1600 3824 ιι.
1642 3756 1714 3826 ΙΙ.
1755 3753 1978 3840 Amiq.
2439 3835 2576 3908 co-
