2985 4387
1196 238 1269 307 -S
1312 234 1381 307 A
2111 311 2119 319 ,
2179 232 2312 311 'aar'

213 346 389 419 ‚dam
429 345 780 429 Mysterio,
819 344 913 413 vel
952 342 1246 429 symbolo
1288 343 1592 428 ingeniose
1627 341 1907 416 disserit.
1961 339 2241 414 Crinitus
2281 350 2396 427 pai

244 448 343 495 tat
382 430 759 523 Empedpcleae
800 450 1009 522 parum
1045 427 1327 496 Ciceroni
1370 428 1622 509 probata
1644 474 1668 509 ,
1713 426 1890 507 huius
1928 422 2187 495 Salustii
2219 448 2342 521 esse
2363 471 2389 509 ,

244 522 615 593 nomer-esp!
660 510 986 589 Sallus-tis,
1030 510 1351 600 Ciceronis
1388 508 1613 575 immici
1638 556 1657 575 .
1699 510 1887 576 Putat
1929 510 2112 575 etiam
2157 514 2398 574 Oratio-

252 616 389 657 nem
432 588 638 674 Crispi
692 594 750 655 in
791 592 928 659 Cic.
964 609 1022 657 et
1068 599 1514 675 Responsronem
1556 590 1864 659 Ciceronis
1906 593 2048 656 satis
2086 608 2284 657 acrem
2332 592 2401 655 in

246 672 533 757 Crispum
576 670 931 740 Sallustium
963 719 989 766 3
1048 671 1457 755 supposititias
1499 693 1620 738 non
1662 691 1789 738 esse
1827 694 1854 737 .·
1919 672 2078 757 quod
2137 669 2404 740 indicare

226 757 436 825 ‚etiam
486 758 717 823 videtur
758 753 1213 837 Quintilianus.
1258 754 1441 817 Unde
1479 771 1650 821 ortae
1711 750 1822 819 hae
1879 751 2254 819 simultates?
2299 772 2406 819 ex-

252 835 561 917 ploratum
584 859 701 901 non
730 832 959 904 habeo.
1001 836 1142 905 Cic.
1163 836 1222 899 in
1243 830 1437 917 Epist.
1459 836 1542 901 ad
1559 831 1830 901 Atticum
1851 835 2121 902 meminit
2143 829 2402 913 Publii,

218 935 311 983 ,ετ
350 923 487 984 CN.
528 911 851 997 sallustii,
894 916 1399 1007 qui-Ciceronum
1418 917 1642 996 amici,
1683 935 1747 985 et
1763 914 2088 985 familiares
2129 912 2403 982 videntur

249 996 465 1063 fuisse.
529 999 603 1065 In
646 998 831 1064 altera
872 1020 945 1065 ex
987 994 1277 1082 Epistola·
1312 1000 1401 1063 ait
1444 999 1585 1065 Cic.
1621 1018 1684 1064 se
1721 998 2048 1064 decrevisse
2085 993 2278 1061 filium
2320 996 2402 1061 ad

249 1078 580 1145 Caesarem
622 1079 863 1146 mittere
900 1100 1037 1147 cum
1076 1075 1367 1147 sallustio
1394 1126 1414 1143 .
1480 1078 1646 1147 Vide
1687 1077 1886 1165 Epist.
1941 1102 2036 1147 ιι.
2079 1077 2125 1143 Ι.
2175 1097 2246 1169 {¹
2271 1118 2292 1156 ‚
2331 1092 2400 1143 et

246 1156 449 1251 Epist.
482 1182 553 1240 ¹7
575 1208 596 1243 ,
637 1182 701 1229 et
722 1159 1095 1241 23.ejusdem
1117 1156 1303 1227 libri.
1344 1158 1620 1229 Alterius
1663 1182 1736 1229 ex
1784 1162 1877 1229 his
1917 1153 2230 1228 Sallusties
2268 1178 2404 1225 mo-

246 1246 387 1308 nitu
414 1287 433 1317 ‚
478 1249 505 1317 (
548 1265 667 1310 non
712 1242 917 1325 Crispi
968 1245 995 1322 )
1036 1260 1187 1324 puto
1227 1242 1587 1310 Ciceronem
1632 1241 2096 1311 Interlocutores
2134 1254 2398 1331 mutasse

236 1322 331 1399 in
377 1318 557 1387 libris
596 1322 671 1389 de
712 1320 944 1406 Repub.
969 1366 989 1402 ,
1029 1340 1089 1388 et
1133 1325 1564 1390 emendandum
1607 1328 1766 1405 quod
1806 1324 1929 1391 dixi
1972 1324 2034 1391 in
2079 1318 2406 1406 Specimme

251 1402 553 1484 indicans,
597 1406 960 1472 monitorem
1004 1401 1356 1471 Sallustium
1397 1405 1683 1486 Crispum
1727 1404 1938 1473 fuisse.
2001 1405 2082 1473 In
2121 1402 2291 1472 libris
2332 1402 2413 1469 de

256 1482 470 1554 Divin.
516 1486 781 1581 loquitur
839 1488 1023 1551 etiam
1064 1487 1137 1551 de
1176 1489 1439 1569 quodam
1513 1487 1803 1554 Sallustio
1841 1533 1867 1569 ‚
1925 1506 2107 1575 quem
2145 1498 2406 1551 nostrum

269 1583 447 1632 vocat
472 1614 491 1646 ,
536 1589 679 1660 quin
726 1586 1081 1648 praenomen
1124 1586 1428 1661 apponat.

270 1649 745 1801 Τξαςκταζιοηῗ,
782 1669 1077 1734 quaenam
1144 1665 1301 1715 mter
1360 1662 1477 1716 vet.
1524 1650 1847 1717 Romanos
1888 1646 2186 1716 usitatae?
2235 1643 2396 1713 Vide

329 1750 352 1796 e
383 1752 419 1793 u
449 1754 521 1796 us
566 1751 623 1799 in
746 1777 767 1800 .
1500 1754 1510 1764 ·

899 1852 1680 1923 coaozzaaruu.

340 1974 607 2058 Sanguis
647 1976 781 2043 vide
818 1971 1123 2045 circuitus
1164 1976 1223 2041 in
1267 1974 1350 2043 C.
1391 1976 1712 2059 Sanguinis
1769 1970 1974 2041 missio
2030 1990 2215 2041 venae
2253 1970 2404 2039 inci·

252 2053 431 2121 sione
474 2076 597 2121 erat
642 2072 829 2139 poena
871 2057 1156 2125 militaris
1196 2059 1349 2123 inter
1388 2062 1666 2147 antiquos
1692 2058 2048 2125 Romanos.
2089 2052 2290 2122 Multi
2329 2072 2404 2120 ex

254 2138 556 2205 Romanis
594 2138 857 2206 damnati
901 2140 1141 2222 capite,
1184 2161 1321 2207 cum
1384 2140 1505 2207 illis
1543 2139 1972 2208 concedebatur
2010 2156 2194 2219 genus
2235 2155 2403 2202 mor-

257 2221 337 2286 tis
374 2219 629 2302 eligere,
668 2243 952 2288 venarum
996 2221 1320 2299 incisione,
1358 2239 1418 2287 et
1460 2221 1762 2301 sanguinis
1785 2221 2073 2288 missione
2114 2217 2266 2286 mori
2308 2237 2408 2282 so-

256 2301 457 2368 lebant
486 2345 509 2379 ,
550 2321 613 2366 ut
640 2303 855 2369 Seneca
880 2352 901 2382 ‚
943 2302 1209 2368 Lucanus
1236 2346 1255 2378 ‚
1300 2299 1403 2367 alii
1434 2351 1453 2370 .
1497 2304 1641 2386 Legi
1685 2304 1757 2368 de
1797 2299 2213 2371 carthusianis
2253 2298 2406 2384 Mor

251 2383 457 2450 machis
504 2382 681 2448 initio
700 2383 949 2450 Ordinis
988 2384 1145 2466 apud
1186 2405 1287 2449 eos
1330 2385 1387 2448 in
1428 2405 1596 2450 more
1633 2384 1896 2468 positum
1918 2383 2138 2460 fuisse,
2174 2398 2244 2450 nt
2283 2381 2404 2446 sin-

251 2464 408 2568 gulis
448 2465 733 2530 mensibus
753 2466 837 2530 eis
860 2485 1001 2532 vena
1046 2464 1371 2546 aperiretur
1396 2513 1415 2543 ,
1456 2485 1524 2532 ut
1564 2469 1798 2548 sanguis
1838 2467 2234 2537 minueretur.
2280 2464 2390 2531 An

259 2546 321 2611 id
365 2567 433 2612 ex
476 2546 720 2614 Ordinis
763 2546 1179 2615 sui‘instituto
1217 2544 1441 2615 suerit?
1486 2547 1742 2630 ignoro.

520 2689 759 2776 fidelia
808 2709 1045 2780 Manita
1099 2709 1187 2777 ad
1247 2673 1750 2778 Antichristianos
1788 2709 1971 2778 nostri
2009 2703 2149 2774 aevi

1114 2789 1503 2877 'philosophos
1519 2841 1540 2861 .

339 2949 645 3035 Sapientia
686 2999 709 3021 .
790 2953 1083 3036 Sapientis
1125 2971 1217 3020 est
1276 2953 1431 3020 nihil
1471 2972 1694 3024 temere
1747 2951 1983 3023 credere
2026 2975 2049 3035 ς
2109 2966 2241 3044 ast·
2269 2945 2408 3015 insi-

261 3035 472 3116 pientis
518 3036 701 3100 etiarn
742 3055 829 3100 est
870 3036 944 3100 de
986 3035 1265 3103 omnibus
1304 3035 1620 3103 dubitare.
1664 3037 1951 3104 Hominis
1991 3033 2274 3118 sapientis
2314 3045 2406 3096 est

260 3118 475 3182 mentis
502 3163 521 3193 ‚
562 3137 623 3182 et
666 3117 912 3183 rationis
955 3137 1190 3183 nostrae
1231 3115 1708 3185 imbecillitatem
1751 3133 2104 3200 agnoscere,
2144 3133 2207 3181 et
2249 3110 2418 3179 mula

259 3213 325 3261 ta
368 3199 595 3262 credere
621 3243 642 3277 ,
686 3219 838 3281 quae
879 3220 1039 3262 mens
1082 3216 1279 3265 nostra
1299 3197 1545 3264 rationis
1585 3197 1813 3267 lumine
1852 3219 1971 3266 non
2011 3217 2146 3263 com
2193 3194 2409 3261 rehen-

256 3277 393 3343 dit.
436 3279 618 3362 Qvod
660 3281 709 3344 si
756 3282 809 3344 id
856 3279 1223 3346 verissimum
1263 3297 1353 3346 est
1394 3278 1455 3345 in
1499 3281 1672 3350 rebus
1713 3279 1925 3348 c'reatis
1971 3326 1991 3359 ,
2052 3295 2112 3343 et
2199 3277 2338 3342 nitis
2379 3324 2406 3359 ,

267 3379 503 3444 quanto
546 3361 735 3425 verius
780 3363 835 3428 in
878 3361 1137 3442 divinis,
1179 3379 1239 3426 et
1284 3359 1570 3428 infinitis?
1617 3362 1838 3449 Itaque
1877 3381 1997 3428 non
2036 3381 2097 3426 sa
2149 3359 2335 3424 ie'ntes
2377 3402 2428 3442 ,,

264 3443 365 3508 sed
412 3439 749 3507 stultissimi
793 3461 931 3508 sunt
974 3487 995 3520 ‚
1060 3443 1164 3528 qui
1232 3443 1585 3510 idcirco·vel
1644 3465 1766 3511 non
1804 3442 2065 3512 credunt
2103 3379 2191 3508 {A
2233 3439 2410 3506 steria

259 3543 301 3588 a
346 3521 485 3587 Deo
530 3522 783 3588 revelata
812 3571 833 3604 ‚
878 3522 970 3590 vel
1016 3525 1089 3590 de
1130 3522 1249 3591 illis
1292 3524 1608 3610 dubitant,
1650 3527 1788 3612 quia
1836 3546 1906 3592 ea
1947 3544 2190 3606 compre
2233 3521 2411 3589 ende-

266 3623 333 3668 re
374 3605 604 3668 ratione
664 3603 919 3670 naturali
965 3627 1081 3670 non
1128 3605 1367 3672 valent:
1411 3627 1550 3672 cum
1591 3606 1779 3674 muita
1825 3607 2012 3673 etiam
2057 3606 2116 3671 in
2157 3605 2430 3672 Natura

264 3705 476 3749 arcana
518 3684 676 3764 sint,
718 3707 868 3769 quae
912 3701 1185 3766 superant
1226 3685 1443 3750 mentis
1487 3707 1722 3754 nostrae
1793 3685 2254 3769 intelligentiam
2280 3726 2303 3762 ‚
2343 3697 2409 3749 et

264 3768 501 3836 ratione
556 3766 1045 3848 comprehendere
1102 3766 1461 3854 nequimus;
1521 3785 1581 3836 et
1623 3790 1821 3840 tamen
1859 3791 1929 3838 ea
1969 3789 2090 3837 non
2135 3767 2409 3841 credere,
