2985 4387
2264 309 2383 376 149

1303 426 1388 499 M
1427 428 1499 519 ,U

405 548 767 634 Mucianus,
808 551 1038 621 Orator
1057 598 1076 619 .
1121 550 1224 621 De
1264 552 1394 631 eius
1430 548 1716 619 oratione
1749 550 1827 619 ad
1869 552 2305 637 Vespasianum
2346 554 2455 625 du·

313 630 660 717 bisantem,
723 656 798 702 an
841 636 1182 701 admitteret
1230 634 1567 715 Imperium
1608 634 1662 699 ci
1708 634 1983 703 oblatum
2021 642 2053 709 i,
2108 638 2245 704 vide
2290 639 2453 707 Tac.

203 706 218 718 ’
315 716 368 783 1.
391 738 450 784 2.
495 717 654 783 His-t.
696 717 796 784 De
833 718 1038 783 eodem
1082 716 1265 783 tradit
1291 714 1453 784 Tac.
1498 714 1677 785 fuisse
1714 736 1919 781 eorum
1945 761 1966 796 ‚
2006 738 2164 801 quae
2196 718 2455 802 agebat,

311 816 378 863 ct
419 797 691 877 dicebat,
729 812 858 865 arte
878 798 1138 883 quadam
1163 814 1595 865 ostentatorem
1624 842 1645 864 .
1688 794 2137 866 Reconciliatus
2178 820 2297 867 non
2344 801 2455 867 bo-

311 898 394 944 na
434 877 552 944 fide
609 898 746 947 cum
806 877 1046 946 aemulo
1103 900 1212 946 suo
1253 888 1397 946 Ant.
1441 875 1645 947 Primo
1670 922 1692 957 ‚
1756 878 1983 946 amicos
2021 880 2151 957 ejus
2194 880 2307 947 sibi
2351 882 2457 948 de·

311 958 515 1053 vinxit
535 1006 558 1040 ‚
601 979 663 1025 et
702 960 754 1026 ei
785 961 1006 1039 eripuit
1026 1004 1048 1040 ‚
1091 960 1454 1043 procurando
1494 961 1707 1027 eisdem
1732 956 2178 1053 praefecturas,
2216 978 2275 1027 et
2302 961 2458 1031 Ma-

359 1057 654 1189 ιςῑςῐεωείι
679 1039 962 1187 εἱωυίῑεςῖε
981 1041 1208 1189 &se-id
1247 1039 1436 1191 {aegre
1479 1042 1727 1137 inane.
1752 1047 1946 1188 1²:13¹
1988 1044 2243 1191 grgtilam
2265 1088 2287 1111 .
2324 1042 2449 1186 ἧς(

337 1142 456 1187 orsi
493 1143 570 1190 an
660 1144 794 1189 aec·
847 1142 905 1188 ui
1054 1142 1196 1188 aciti
1261 1142 1310 1189 si
1379 1144 1499 1189 sra
1546 1142 1695 1191 inter
1740 1142 1862 1189 rea
1920 1144 1997 1191 o.
2098 1142 2195 1189 oe
2282 1142 2447 1191 enm

309 1200 480 1271 Tac.
504 1250 524 1281 ‚
568 1221 636 1270 ut
677 1222 924 1285 magnus
950 1203 1238 1271 Politicus
1280 1203 1590 1286 videatur,
1632 1143 1837 1271 ouini·
1878 1202 1939 1269 in
1978 1204 2233 1272 deterius
2259 1222 2453 1271 verte-

307 1302 414 1351 re.
455 1282 618 1351 Vide
656 1284 732 1350 dc
773 1305 845 1350 eo
891 1285 949 1349 in
992 1281 1324 1369 specimine
1349 1333 1370 1365 ,
1412 1286 1513 1351 ubi
1554 1287 1629 1351 de
1670 1280 1978 1352 Maianis
2012 1286 2151 1356 aliis
2175 1333 2196 1353 .

391 1364 639 1432 Mucius
675 1366 857 1448 (C.)
897 1367 1155 1446 Augur,
1197 1364 1388 1431 multa
1421 1366 1710 1433 Ciceroni
1754 1366 2033 1433 narrabat
2077 1367 2154 1434 de
2173 1367 2258 1434 C.
2282 1367 2441 1434 Lac-

305 1444 441 1523 lio,
480 1468 681 1513 socero
722 1467 869 1513 suo.
915 1445 1074 1511 Vide
1108 1446 1246 1514 Cic.
1275 1448 1348 1513 de
1372 1445 1706 1514 Amicitia.
1748 1447 1867 1515 Me
1907 1443 2099 1527 latet,
2140 1448 2297 1515 sitne
2337 1438 2443 1517 hie

306 1525 594 1608 Mucius,
652 1548 750 1595 seu
793 1524 1040 1593 Masius
1095 1528 1314 1596 citatus
1351 1549 1388 1594 a
1429 1529 1642 1597 Gellio
1698 1528 1745 1597 l.
1792 1548 1885 1613 14.
1928 1552 1982 1600 c.
2018 1532 2081 1598 8.
2124 1528 2267 1598 ΝΝ
2287 1576 2310 1613 ,
2368 1548 2439 1598 ut

305 1606 816 1689 jurisconsultus,
857 1626 916 1674 et
959 1608 1268 1693 Scriptor.

387 1688 726 1757 Mummius
769 1688 977 1780 (Ia-et
994 1690 1097 1773 Sp.
1127 1690 1448 1769 Fratres).
1490 1690 1735 1757 Horum
1778 1685 2086 1758 Orationes
2123 1691 2442 1761 exstabant

303 1770 622 1838 Ciceronis
661 1791 815 1837 aevo
841 1819 860 1837 .
919 1771 1139 1843 Ambo
1179 1772 1238 1839 in
1283 1792 1537 1839 numero
1594 1770 1981 1859 mediocrium
2024 1774 2359 1840 Oratorum
2400 1795 2441 1839 a

301 1852 452 1948 Cic.
493 1871 859 1919 recensentur
901 1850 960 1917 in
985 1860 1207 1947 ‘Brutm
1249 1852 1351 1919 De
1391 1849 1573 1919 Lucio
1614 1852 1744 1948 ait,
1784 1851 2115 1935 simplicem
2160 1852 2336 1921 fuisse
2376 1871 2441 1920 ct

301 1954 663 2031 antiquum.
706 1936 808 2080 Pe
843 1934 1060 2017 Spurio
1075 1951 1300 2080 dautem
1345 1934 2051 2083 ηοηάφῐρεῖςοτετὲι,.εεά
2093 1952 2291 2001 tamen
2332 1934 2443 2001 ad-

296 2033 765 2248 ζηλῖὶὲιᾞῗηέ
757 2038 923 2177 (188135
961 2035 1491 2165 ἳεὲσῗᾞωάἰίξω
1511 2031 2225 2167 1ῗὲρὲὲεῐοῑὲοιῖοέἔέα.ε
2294 2096 2432 2164 vide

343 2195 546 2245 toruae
588 2200 651 2245 in
817 2201 826 2208 ·
2430 2225 2437 2235 -

383 2258 753 2340 Munatius,
794 2257 988 2330 Trib.
1032 2257 1120 2343 pl.
1161 2259 1435 2342 Miloni,
1477 2262 1583 2347 qui
1628 2260 1923 2332 Clodium
1964 2262 2184 2330 occidit
2211 2307 2234 2341 ‚
2293 2283 2440 2330 con-

299 2342 522 2410 trarius
552 2389 572 2420 ,
613 2343 926 2410 Ciceronis
966 2341 1386 2408 auctoritatem
1429 2343 1488 2408 in
1537 2365 1739 2412 caussa
1783 2344 2047 2413 Milonis
2088 2341 2436 2415 criminatus

293 2440 388 2489 est
422 2470 445 2492 .
504 2422 670 2488 Vide
709 2423 843 2490 Cic.
887 2424 944 2488 in
987 2429 1161 2490 Orat.
1211 2442 1320 2506 pro
1360 2422 1630 2492 Milone.
1691 2426 1890 2508 Hujus
1952 2421 2115 2494 filius
2176 2423 2435 2496 forsitan

294 2501 412 2574 fuit
454 2501 778 2573 Munatius
799 2548 822 2584 ,
855 2503 934 2570 de
971 2525 1096 2590 quo
1134 2503 1200 2572 in
1238 2503 1602 2590 specimine.

985 2623 1707 2700 Cottozcanrun
1736 2677 1760 2700 .

377 2747 684 2824 Mundus.
730 2746 1132 2818 Ethnicorum
1173 2747 1406 2817 Philos.
1445 2751 1520 2816 de
1561 2749 1793 2816 Mundo
1848 2769 2072 2822 errores
2130 2749 2437 2820 innumeri·

291 2828 414 2912 legi
459 2847 706 2911 possunt
751 2853 780 2895 a
829 2832 902 2898 ud
948 2829 1113 2900 Plut.
1173 2832 1248 2897 de
1281 2829 1549 2899 Placite’s
1584 2830 1810 2899 Philas.
1854 2853 2004 2928 quos
2061 2852 2285 2898 errores
2324 2830 2427 2898 dc·

291 2913 584 2980 vitassent
609 2959 630 2990 ‚
698 2913 744 2980 si
818 2913 972 2979 ibros
1013 2911 1214 2980 Mosis
1259 2913 1534 2995 legissent
1573 2959 1594 2978 .
1659 2913 1887 2980 Mundi
1928 2932 1991 2980 et
2032 2909 2278 2980 humani
2324 2931 2429 2994 ge-

289 2994 454 3058 neris
498 2992 700 3075 mala,
763 3011 826 3060 ct
870 3015 1095 3060 errores
1154 2991 1386 3060 ridebat
1427 2993 1861 3074 Democritus,
1963 3014 2072 3060 uae
2130 2992 2432 3061 continuis

289 3071 582 3155 lacrymis
625 3073 978 3166 deplorabat
1021 3073 1409 3146 Heraclitus.
1455 3073 1627 3156 Qpid
1670 3075 1745 3138 de
1782 3075 1876 3142 his
1958 3071 2135 3142 hilos.
2176 3076 2425 3143 senserit

296 3155 562 3228 Seneca?
605 3157 742 3222 vide
782 3153 890 3220 leb.
915 3176 972 3221 2.
994 3154 1070 3219 de
1090 3162 1192 3226 lra
1213 3199 1234 3234 ,
1272 3174 1332 3222 et
1361 3153 1759 3224 Menochium
1796 3163 1969 3224 Cenr.
1991 3177 2052 3224 a.
2076 3178 2128 3222 c.
2148 3161 2271 3237 84,
2303 3154 2418 3250 'ubi

135 3297 146 3306 .
287 3233 488 3302 multa
515 3281 538 3318 ,
578 3236 692 3320 legi
739 3237 914 3318 digna
956 3237 1030 3303 de
1071 3235 1187 3303 hoc
1228 3236 1350 3303 risn
1376 3281 1399 3314 ‚
1437 3254 1497 3302 et
1537 3237 1610 3302 de
1649 3234 1975 3318 lacrymis.
2038 3235 2200 3304 Vide
2237 3253 2425 3305 etiam

287 3315 588 3397 Vieirae,
627 3337 686 3382 et
715 3319 1008 3384 Catanaei
1031 3315 1390 3399 Jesuitarnm
1415 3313 1875 3390 Dissertationes
1910 3319 2278 3396 contrarias,
2315 3339 2429 3386 co-

287 3409 422 3464 ram
451 3397 765 3468 christina
793 3445 812 3470 .
857 3399 1089 3482 Regina
1119 3399 1360 3468 Sueciae
1401 3399 1788 3480 doctissima,
1825 3401 2067 3468 Romae
2105 3399 2423 3470 recitatas.

283 3477 457 3574 Vide
495 3480 733 3548 demum
775 3481 990 3562 Juven.
1033 3487 1284 3550 San-10.
1345 3481 1559 3548 Homo
1614 3481 1887 3548 Mundus
1917 3498 2171 3566 pannis,
2200 3479 2425 3549 merito

283 3559 551 3641 dicitur,
592 3581 652 3627 et
693 3563 1011 3631 secundum
1051 3563 1497 3644 S.Gregorium
1526 3561 1633 3632 M.
1656 3611 1677 3642 ‚
1714 3561 1923 3630 omnis
1962 3581 2266 3630 creaturae
2308 3581 2425 3630 no-

283 3643 456 3707 mine
495 3641 746 3727 intelligi
793 3661 1033 3726 potest.
1099 3643 1346 3714 Etbnici
1389 3644 1659 3712 Romani
1724 3644 2111 3729 sapientiores
2169 3643 2421 3710 demon·
2555 3713 2563 3722 ,

285 3722 562 3790 strabant
603 3725 875 3808 supremi
913 3723 1201 3793 Numinis
1243 3725 1658 3806 existentiam,
1698 3743 1760 3794 ct
1788 3725 2231 3809 providentiam
2272 3745 2418 3792 con-

281 3819 382 3878 tra
423 3801 754 3890 Epicureos
791 3825 864 3876 cx
905 3804 1136 3879 Mundi
1173 3805 1394 3883 {abrica
1416 3852 1441 3891 ,
1478 3824 1552 3956 el}
1574 3825 1835 3974 orgtatu,
1874 3825 1937 3879 et
1976 3805 2129 3880 haec
2162 3803 2427 3960 ‹iffi-<3⁰⁶
