2985 4387
1626 345 1637 358 .
2110 306 2297 365 ‘xvtt

211 421 420 494 esse,
461 397 660 496 quod
699 395 954 470 litteras
1015 399 1326 500 impense
1393 401 1569 472 inter
1596 414 1717 476 tot‘
1756 407 1951 473 curas
1999 400 2310 496 publicas
2354 451 2379 486 ,
2472 443 2479 451 -

213 513 294 567 et
337 498 643 588 privatas
688 489 1150 578 excoluerint,
1194 511 1410 586 quam
1506 494 1647 564 uod
1694 493 1877 564 bella
1922 511 2195 566 strenue
2241 509 2389 582 ges-

217 589 480 656 serint=
526 604 660 653 nec
707 587 924 673 magis
967 603 1086 652 eos
1131 601 1456 654 commen
1516 584 1732 655 andos
1761 634 1783 672 ‚
1854 605 1943 654 eo
1986 585 2181 676 quod
2232 583 2381 651 bar-

219 675 448 746 baras·
471 679 782 744 nationes
808 670 1215 764 'subegerint
1260 722 1284 763 ‚
1349 671 1581 767 deque
1629 674 1760 745 illis
1825 675 2314 770 triumpharint
2358 723 2385 760 ‚
2430 683 2436 690 ·
2514 651 2525 690 ¹

221 789 450 860 quam
492 765 692 858 quod
733 783 850 836 eas
893 761 1162 856 legibus
1176 812 1201 853 ‚
1247 762 1505 836 artibus
1525 814 1548 851 ‚
1592 781 1664 836 et
1706 764 2019 857 ingenuis
2084 763 2387 858 discipli-

221 863 334 926 nis
377 853 850 940 infortunium
910 875 1076 928 cum
1113 903 1138 942 ‚
1199 873 1376 926 teste
1414 851 1497 922 C.
1539 855 1594 930 J.
1640 855 1929 926 Caesare
1992 857 2387 930 Litterariae

277 945 493 1016 loriae
514 996 542 1033 ,
583 963 654 1022 et
701 943 990 1020 bellicae
1054 949 1571 1038 cupientissimo
1589 997 1613 1034 ‚
1658 941 1766 1016 M‚'
1814 945 1979 1015 Tul.
2040 944 2393 1040 Ciceronis

225 970 602 1125 {ocu-ina,
647 1051 716 1108 et
758 1035 1198 1130 eloquentia,
1242 1057 1412 1130 quas
1441 1041 1529 1106 -in
1596 1037 1741 1131 ejus
1798 1035 2149 1132 Operibus
2192 1041 2393 1118 mira-
2432 1037 2458 1055 ’'

234 1130 492 1214 batur,
539 1128 874 1218 majorem
921 1131 989 1196 ei
1028 1127 1372 1200 attulerint
1423 1125 1755 1220 gloriam,
1800 1150 2015 1222 quam
2070 1124 2437 1202 militares·

235 1239 486 1291 omnes
530 1216 918 1312 triumphi,
961 1223 1086 1310 qui
1131 1223 1427 1312 insignes
1473 1215 1825 1290 Romanos
1870 1217 2139 1306 Duces,
2179 1235 2251 1300 et,
2292 1222 2397 1310 ip-

233 1329 396 1380 sum
459 1307 822 1388 Caesarem
884 1307 1298 1382 decorarunt
1321 1359 1342 1378 .
1508 1315 1628 1382 uin
1674 1315 1883 1383 etiam
1950 1309 2209 1382 addere
2254 1328 2397 1400 non

237 1399 613 1510 dubitarit,
655 1397 872 1508 Tullii
917 1403 990 1472 in
1035 1406 1272 1480 eninm
1317 1423 1444 1496 par
1546 1423 1807 1478 omano
1850 1399 2155 1500 Imperio
2198 1396 2397 1473 haud

229 1509 602 1574 Jmmerito
645 1508 976 1570 aesuman
1027 1513 1186 1562 um.
1506 1501 1529 1514 ⁶
1980 1499 1987 1506 '

331 1579 686 1653 Romanos
731 1599 966 1656 autem
1015 1579 1324 1676 appello,
1377 1581 1573 1676 quod
1618 1586 1689 1652 in
1734 1583 2119 1675 'Speciminis
2184 1581 2396 1652 Prae-

227 1670 490 1767 satione
535 1693 648 1744 me
669 1670 947 1746 *dixisse
994 1677 1282 1744 memini
1303 1720 1329 1762 ‚
1371 1690 1719 1766 quotquot
1768 1683 1839 1742 in
1909 1673 2228 1745 Romano
2274 1669 2403 1742 Im-

235 1767 447 1857 perio
495 1761 624 1832 sub
671 1755 1144 1834 Romanorum
1191 1763 1671 1836 dominatione
1714 1764 2050 1836 vivebant
2072 1813 2093 1830 .
2136 1759 2405 1832 Totum

241 1856 510 1947 quippe
556 1851 950 1927 Romanum
979 1851 1373 1948 imperium
1395 1904 1420 1944 ‚
1464 1871 1635 1926 teste
1692 1853 1989 1926 Sidonio
2054 1851 2407 1945 Apollina-

239 1967 320 2015 re
369 1995 394 2029 ,
461 1941 686 2014 Roma
729 1961 926 2028 erat;
989 1949 1392 2038 praesertim
1451 1963 1821 2039 postquam
1890 1944 2007 2020 Ius
2050 1943 2409 2040 Romanae

246 2038 544 2108 civitatis
575 2039 851 2106 cunctis
897 2031 1193 2105 Romani
1237 2035 1517 2128 Imperii
1564 2033 2089 2116 Provinciarum
2130 2031 2417 2119 incoliS‚'

245 2129 458 2201 servis
479 2177 502 2213 ,
547 2145 630 2201 ac
675 2131 1049 2219 peregrinis
1095 2132 1437 2221 exceptis,
1484 2125 1617 2202 fuit
1658 2133 1755 2205 im
1808 2129 2085 2199 ertitum
2112 2171 2134 2192 .
2226 2119 2409 2199 Cum

249 2217 546 2291 Sidonio
591 2222 929 2288 consentit
998 2216 1304 2291 Rutilius
1357 2214 1573 2291 Poeta
1630 2223 1705 2291 in
1793 2220 2091 2289 cinerario
2158 2236 2415 2299 canens

255 2310 350 2381 de
395 2304 858 2399 Roman0‚po
909 2306 1069 2381 ulo:
1986 2328 1991 2333 “

385 2476 394 2483 .
429 2396 560 2469 Du
671 2421 749 2468 uc
789 2402 832 2465 ὀ
883 2420 980 2469 ers
1021 2402 1210 2469 victis
1243 2400 1495 2490 proprii
1535 2402 1849 2471 consortia
1881 2402 2055 2493 juris
2073 2449 2100 2490 ‚

397 2560 410 2576 ,
491 2484 634 2567 .Ur
670 2512 774 2557 em
805 2490 1028 2581 ficisti
1045 2538 1072 2573 ‚
1117 2514 1278 2583 quae
1367 2494 1501 2561 n'us
1548 2490 1747 2561 Orbis
1788 2512 1964 2561 erat.-

251 2595 336 2655 ιιι
380 2583 674 2669 mittam·
699 2578 876 2651 illud
922 2580 1208 2651 Nasonis
1251 2580 1303 2649 li
1345 2630 1366 2649 .
1413 2604 1477 2652 2.
1524 2581 1878 2653 Fastorum

423 2668 764 2757 fientibus
806 2684 902 2740 est
945 2670 1096 2741 aliis
1139 2671 1300 2741 data
1345 2658 1543 2741 tellus
1585 2673 1789 2743 limite
1835 2690 2001 2741 certo
2022 2696 2053 2751 ,-

525 2760 870 2833 Romanae
913 2764 1218 2852 spatium·
1243 2783 1340 2841 cst
1365 2764 1559 2832 urbis
1578 2810 1602 2845 ‚
1644 2785 1707 2833 et
1752 2764 1932 2839 orbis,
1964 2764 2175 2829 idem.
2392 2846 2397 2851 ἡ

249 2848 288 2928 J
291 2872 410 2925 am
451 2871 624 2927 vero
659 2898 686 2933 ,
725 2912 732 2919 .
803 2860 1089 2926 uoniam
1133 2874 1218 2923 oa
1244 2903 1269 2944 ‚
1336 2874 1520 2947 quae
1565 2854 1881 2925 consulto
1921 2857 1997 2922 in
2056 2851 2109 2921 S
2154 2853 2415 2938 <cimino
2490 2855 2493 2861 '

253 2947 714 3035 praetermisit
821 2958 1058 3030 umor,
1103 2942 1711 3036 quemadmodum
1756 2948 1902 3035 ip'se
1946 2946 2022 3010 in
2114 2950 2209 3029 ne
2249 2942 2413 3032 Spess-

249 3036 512 3107 ,ciminIs
557 3050 838 3105 testatur
879 3032 1183 3105 Phaedri
1225 3056 1462 3106 versus
1504 3028 1657 3103 illos
1700 3033 2065 3103 adducens
2314 3036 2338 3048 ”
2391 3046 2401 3055 ’

421 3122 798 3214 ,Supersunt
841 3124 1004 3195 mihi
1045 3146 1210 3215 quae
1257 3124 1565 3207 scribam,
1606 3125 1729 3195 sed·
1758 3144 1957 3213 pareo
2002 3124 2205 3193 sciens
2220 3150 2253 3192 :-
2283 3141 2415 3214 cet,

257 3232 422 3285 sunt
484 3236 708 3309 aeque
773 3220 964 3287 nosci
1010 3214 1224 3307 digna
1266 3264 1290 3303 ‚
1338 3236 1432 3285 -ac
1479 3236 1663 3308 quae
1706 3220 1780 3289 in
1845 3214 2205 3307 Speciminc
2261 3228 2417 3285 sunt
2479 3230 2481 3232 ’

254 3302 566 3389 ,tradita3
609 3326 868 3399 operae
913 3310 1210 3399 pretium
1242 3354 1266 3391 ‚
1327 3322 1399 3377 et
1474 3328 1621 3378 rem
1659 3304 1938 3382 'Lectori
1983 3324 2249 3397 gratam
2299 3328 2412 3377 me

260 3390 610 3470 facturum
705 3402 895 3473 utavi
913 3447 936 3485 ‚
971 3400 1036 3467 si
1082 3418 1166 3465 ea
1209 3415 1302 3467 ex
1349 3396 1663 3471 Auctoris
1712 3400 1949 3489 pressis
1990 3394 2262 3466 schedis
2305 3396 2423 3466 de-

259 3500 495 3555 sumta
537 3505 624 3557 co
672 3490 930 3581 i'gerem
952 3536 976 3573 ‚
1017 3484 1453 3577 ordinarem,
1498 3506 1569 3563 et
1601 3488 1804 3556 Novo
1848 3486 1987 3555 hoe
2034 3485 2287 3555 Lexico
2318 3504 2345 3557 t
2395 3530 2423 3544 -

261 3579 372 3668 pis
418 3573 585 3645 data
627 3593 862 3651 tecum
905 3583 1538 3667 communicarem,
1584 3598 1673 3647 ne
1718 3576 1917 3647 labor
1963 3581 2034 3644 in
2078 3574 2183 3645 his
2230 3578 2341 3649 col
2369 3582 2427 3645 i-

257 3664 552 3757 gendis‚
597 3684 666 3739 et
708 3666 1113 3743 ordinandis
1157 3674 1418 3761 positus
1462 3668 1707 3741 frustra
1742 3672 1880 3753 sit,
1960 3684 2172 3757 utque
2217 3672 2429 3764 possis

260 3756 358 3828 de
405 3756 636 3831 multis
697 3762 774 3829 in
797 3804 810 3819 -
835 3760 1196 3852 Specimine
1277 3764 1703 3918 memoratisb
1723 3757 2104 3851 pleniorem
2170 3758 2431 3830 habere

2126 3864 2137 3896 ι’
2220 3870 2343 3917 no-
