2985 4387
2292 311 2370 366 lx

301 391 576 503 quibus
607 397 818 514 ,mihi
863 395 1017 484 non
1069 419 1184 484 est
1212 419 1448 486 sermo
1465 464 1495 505 ‚
1517 396 1798 508 quique
1844 397 2207 506 ignorant
2228 441 2238 452 ·
2256 397 2461 485 illua

299 505 926 604 vulgatissimum
977 535 1068 587 ex
1087 509 1380 590 Catone
1400 505 1755 587 Censorio
1772 530 1806 584 a·
1828 504 1977 586 otii
1990 565 2017 606 ,
2072 529 2151 586 et
2171 505 2459 604 negotii

297 633 352 684 a
403 605 609 686 nobis
646 609 1013 690 rationem
1029 671 1056 712 ‚
1081 609 1539 716 praesertim
1568 607 1831 704 amicis
1847 669 1874 708 ‚
1913 607 2133 691 reddi
2168 629 2453 711 oporte·-

300 709 436 806 re)
470 711 818 813 exposui,
873 713 1228 816 inquam,
1279 742 1447 796 cum
1500 735 1593 794 ut
1628 713 1889 792 laudes
1929 711 2277 794 Virorum
2305 711 2451 792 mi·-

299 811 385 893 hi
425 813 968 896 carissimorum
1013 817 1253 897 denuo
1315 839 1803 921 persequerer
1850 873 1881 916 ,
1930 837 2156 918 atque
2203 841 2459 896 eorum

301 917 834 998 recordatione
903 919 1405 1000 oblectaretur
1483 945 1697 1000 mens
1765 943 1933 999 mea
2004 946 2029 999 t
2119 939 2288 999 tum
2360 940 2455 998 ut

297 1017 726 1122 pristinum
776 1081 805 1121 ,
879 1039 960 1101 e't
995 1038 1448 1125 perpetuum
1496 1049 1745 1103 meum
1796 1080 1823 1122 ‚
1899 1021 1994 1114 de
2016 1023 2183 1126 'quo
2238 1017 2409 1100 dixi

301 1147 590 1200 morem
666 1127 1127 1206 ostenderem
1181 1150 1206 1205 ε
1276 1129 1589 1208 demum·
1628 1184 1657 1226 ‚
1754 1147 1845 1206 ut
1906 1122 2183 1206 videas
2233 1179 2264 1222 ‚
2352 1079 2455 1201 αἶ

303 1255 392 1304 eo
473 1241 598 1304 me
669 1257 814 1306 non
883 1229 1223 1310 recedere
1270 1287 1298 1328 ‚
1390 1230 1573 1309 dum
1642 1222 1843 1308 Tibi
1916 1227 2231 1310 Novum
2322 1222 2457 1306 hoc

308 1330 649 1410 Lexicon
716 1330 943 1412 mitto
994 1388 1023 1432 ‚
1119 1352 1202 1410 et
1268 1331 1575 1414 nomine
1642 1353 1773 1412 tuo
1804 1333 1809 1338 ’
1842 1357 2015 1436 orno
2052 1391 2081 1432 ,
2166 1325 2458 1408 smozv
2584 1417 2591 1424 .

311 1433 665 1510 Anam
730 1432 1228 1524 dilectissime,
1274 1489 1306 1534 ,
1373 1457 1462 1515 ut
1535 1455 1784 1514 errata
1834 1449 2001 1514 mea
2049 1430 2376 1532 corrigas
2424 1491 2461 1536 ,

311 1561 502 1639 quae
589 1535 1169 1618 oculatissimam
1253 1539 1693 1642 neutiquam
1762 1535 2115 1639 fugient·
2154 1533 2491 1616 Crisim.

310 1665 528 1720 tuam
581 1697 603 1718 .
703 1637 903 1718 Tibi
953 1701 982 1742 ,
1057 1638 1370 1744 inquam
1423 1700 1450 1742 ‚
1535 1639 1671 1742 qui
1740 1640 2021 1722 vivam
2073 1700 2102 1740 ,
2178 1662 2259 1720 et
2330 1667 2457 1720 ex·

302 1765 646 1846 pressam
698 1740 936 1843 refers
987 1739 1402 1843 imaginem
1473 1739 1755 1840 inclyti
1806 1739 2095 1842 fratris
2159 1740 2286 1822 tui
2325 1743 2385 1844 J
2386 1769 2467 1820 o·

309 1844 537 1924 annis
590 1902 618 1943 ,
707 1845 736 1944 (
781 1842 995 1948 cujus
1068 1839 1529 1929 desiderium
1582 1843 1890 1946 utrique
1938 1845 2275 1924 'nostrum
2346 1842 2469 1921 la·-

307 1967 598 2042 crymas
649 1948 1014 2052 exprimit
1050 1947 1082 2048 )
1166 1975 1313 2030 non
1385 1947 1472 2028 in
1523 1949 1874 2028 doctrina
1921 1946 2181 2046 &solum
2231 2003 2259 2046 ‚
2333 1943 2471 2022 sed-

311 2075 398 2132 et
450 2050 546 2166 in·
593 2047 985 2165 institutis
1034 2112 1063 2153 ,
1139 2051 1325 2130 Viro
1394 2050 1849 2132 Christiano
1898 2110 1929 2152 ‚
2016 2073 2097 2132 et
2180 2043 2463 2152 Hispa·

311 2183 409 2234 no
461 2153 722 2255 dignis
737 2214 763 2253 ,
816 2155 1135 2237 Pietate
1181 2155 1478 2237 scilicet
1517 2178 1596 2236 et
1630 2154 2032 2256 Religione
2065 2153 2151 2234 in
2167 2152 2417 2233 Deum
2432 2202 2475 2253 ,ς

313 2258 630 2337 Morum
685 2256 1147 2359 Gravitate,
1200 2282 1300 2339 et.
1329 2257 1553 2339 vitae
1600 2260 2066 2359 Integritate
2086 2319 2115 2360 ,
2155 2254 2465 2337 nobilis·-

315 2360 554 2439 simae
603 2360 855 2463 Stirpi
876 2421 903 2459 ,
959 2386 1036 2441 et
1069 2362 1457 2443 Familiae
1505 2385 1686 2458 tuae
1732 2361 1992 2445 veluti
2042 2357 2467 2460 ingenitis,

317 2490 508 2566 quas
579 2491 747 2544 cum
817 2463 1197 2565 singulari
1251 2462 1725 2547 Eruditione
1773 2525 1802 2568 ,
1874 2487 1962 2547 et
2040 2490 2207 2547 cum
2280 2488 2467 2565 sana

315 2562 811 2673 Philosophia
878 2592 1014 2648 con
1034 2568 1276 2669 'ungis
1328 2628 1352 2649 .
1437 2568 1657 2671 Illud
1719 2594 1907 2651 vero
1974 2566 2166 2650 mihi
2226 2565 2469 2672 plane

317 2692 655 2771 novum,
729 2672 928 2771 quod
1033 2700 1118 2752 -u
1170 2670 1257 2753 in
1309 2670 1591 2773 Belgio
1663 2674 1939 2775 degens
1988 2672 2051 2777 ⁴(
2084 2669 2211 2757 ubi
2264 2668 2467 2749 alter

318 2802 417 2853 ex
467 2771 905 2877 Majoribus
953 2774 1112 2854 tuis
1158 2834 1186 2877 ,
1253 2774 1469 2881 cujus
1521 2777 1737 2857 aedes
1784 2773 2079 2871 habitas
2130 2831 2159 2872 ,
2228 2772 2338 2853 D.
2359 2772 2467 2851 D.

319 2876 384 2979 Ῑ
381 2896 654 2955 oannes
745 2880 910 2983 San
930 2880 1028 2985 -J
1030 2899 1180 2957 uan
1253 2877 1619 2958 Politicis
1685 2876 1975 2960 artibus
2038 2872 2471 2954 instructis·

317 2976 556 3058 simus
643 2982 734 3057 ab
807 2981 1242 3062 Archiduce
1335 2984 1663 3061 Alberto
1733 3038 1763 3079 ‚
1859 3002 1939 3061 ‘et
2011 2974 2471 3059 Elisabetba

319 3080 687 3186 Philippi
719 3084 860 3164 -JL
934 3080 1491 3187 Hispaniarum
1542 3082 1788 3181 Regis
1834 3079 2027 3189 filia
2078 3140 2106 3181 ‚
2199 3077 2468 3180 Belgii

167 3276 194 3285 ⁶
321 3182 819 3290 Principibus
868 3247 896 3287 ‚
954 3185 1390 3304 praecipuis
1457 3183 1847 3279 bonoribus
1914 3204 2221 3265 ornatus
2270 3242 2298 3283 ,
2340 3206 2473 3298 ‘et

326 3288 434 3367 ad
503 3288 929 3371 secretiora
993 3289 1349 3371 Consilia
1421 3288 1609 3371 belli
1660 3349 1688 3392 ‚
1758 3311 1839 3369 et
1890 3286 2109 3394 pacis
2174 3284 2473 3367 adhibi-

323 3414 458 3471 tus
488 3386 764 3491 fuerat
799 3392 830 3493 )
897 3421 1021 3475 me
1067 3392 1254 3475 licet
1305 3419 1691 3497 nunquam
1738 3393 1995 3475 visum
2046 3452 2075 3490 ,
2145 3390 2331 3471 licet
2406 3386 2477 3467 i-

263 3518 277 3534 ·
315 3516 646 3597 gnotum
691 3557 724 3597 ,
795 3520 890 3577 ao
922 3498 1193 3609 procul
1239 3530 1288 3578 a
1336 3498 1614 3598 Belgio
1664 3558 1693 3599 ,
1786 3520 1869 3578 et
1938 3492 2325 3598 Hispania
2390 3490 2475 3570 in

325 3598 618 3680 ltaliae
683 3598 982 3695 finibus
1059 3626 1637 3689 commorantem
1724 3622 1961 3694 tanta
2029 3593 2483 3710 benevolen-

323 3700 450 3781 tia
498 3702 893 3805 complecti
943 3704 1306 3803 dignatus
1340 3703 1594 3805 fueris
1644 3766 1672 3807 ‚
1742 3727 1853 3785 ut·
1879 3700 2147 3797 videri
2186 3718 2473 3813 possit)

327 3804 704 3897 Fratrem
775 3807 1044 3909 Tuum
1083 3812 1162 3915 J
1162 3836 1474 3893 oannem
1542 3836 1693 3891 non
1736 3806 1976 3898 modo
2043 3804 2132 3889 in
2184 3804 2478 3985 {orares

548 3934 560 3950 ¹
797 3922 804 3929 ’
1532 3948 1543 3955 ·
2070 3942 2079 3951 ·
2284 3923 2411 3971 lum
