2985 4387
2235 240 2355 319 255

1332 414 1402 489 x
2211 374 2221 387 ,
2383 364 2392 377 .

297 600 741 747 XEnocles‚'
791 662 1273 755 Adramitensis,
1314 680 1584 731 summus
1647 660 1709 728 in
1749 659 1906 731 Asia
1945 662 2177 739 Orator
2209 712 2232 749 ,
2297 688 2440 738 cum

296 754 524 819 Cicero
566 750 786 817 Asiam
825 747 1219 831 peragrabat,
1262 764 1327 831 et
1366 766 1504 813 cum
1549 742 1844 857 Asiaticis
1865 744 2234 816 Oratoribus
2269 768 2441 817 exer·

294 834 691 995 eebaa'etxgpbqn
714 956 737 991 ,
794 908 1059 1003 diversus
1098 908 1179 979 ab
1217 929 1291 976 eo
1310 952 1335 989 ,
1402 906 1507 1005 qui
1565 907 1642 972 de
1704 930 1768 975 re
1806 906 2082 993 Eques-tr?
2149 908 2390 993 scripsit
2407 955 2434 994 ,

294 990 543 1062 Claudii
590 992 867 1058 Caesaris
911 991 1229 1083 Medicus,
1276 1012 1349 1058 et·
1380 1012 1433 1057 et
1481 988 1651 1084 valde
1689 1010 1857 1057 carus
1897 993 1928 1071 (
1948 993 2020 1056 de
2061 1010 2186 1079 quo
2212 992 2269 1058 in
2291 998 2434 1075 Spe·

292 1072 511 1145 simine
536 1072 911 1165 )‚·in{ecisse
953 1094 1115 1152 jussu
1161 1074 1536 1156 Agrippinae
1573 1071 1794 1138 dicitnr
1837 1091 2068 1139 veneno
2113 1073 2429 1154 boletum,

291 1178 415 1242 quo
436 1156 697 1305 1§ladius
700 1174 967 1306 “premii
1003 1175 1071 1304 g
1091 1156 1469 1224 verisimilius
1509 1170 1703 1239 puto,
1741 1152 1924 1223 scelus
1955 1154 2111 1224 istud
2134 1156 2430 1225 Locustae

292 1259 437 1307 vene
458 1260 586 1307 icae
625 1262 661 1307 a
972 1259 1009 1305 u
1092 1283 1114 1304 .
2315 1255 2321 1263 ’

1340 1728 1401 1800 Ζ

283 1914 418 2049 Z
416 1970 591 2055 Enae',
619 1971 1081 2067 ‚Legisperitun
1125 1972 1191 2043 S.
1230 1970 1431 2045 Paulli
1478 1972 1846 2062 discipulus,
1887 1974 1966 2045 de
2000 1994 2125 2062 quo
2161 1970 2232 2041 8.·
2248 1967 2434 2041 Paul·-

283 2056 376 2123 lus
422 2059 477 2120 in
520 2062 713 2139 Epist.
755 2060 837 2124 ad
880 2066 1093 2123 Tuum
1136 2059 1453 2127 meminit.
1769 2092 1772 2099 ·
1823 2108 1836 2127 ι
2155 2098 2162 2107 ·
2337 2132 2356 2148 ,

372 2145 573 2214 zeno,
638 2138 763 2206 sive
801 2146 963 2206 Xeno
989 2184 1011 2221 ,
1074 2138 1238 2210 Phil.
1280 2139 1543 2210 Athenis
1581 2154 1760 2210 notus
1803 2136 2133 2217 Ciceroni,
2193 2152 2257 2204 et
2297 2144 2438 2217 ejus·

284 2215 455 2284 fratri
501 2219 745 2298 Quinto
782 2265 804 2288 .
877 2219 991 2312 De·
1038 2241 1156 2302 eo,
1214 2239 1274 2288 et
1338 2225 1412 2288 de
1454 2223 1748 2292 Aristone
1806 2223 1956 2290 item
2003 2217 2434 2304 Philosopho,

280 2301 411 2384 agit
457 2297 597 2366 Cic.
644 2301 749 2383 Ep.
803 2323 897 2368 10.
936 2299 1083 2368 libri
1168 2349 1187 2372 .
1226 2301 1311 2369 ad
1351 2313 1488 2374 Art.
2321 2367 2328 2372 .

365 2387 571 2477 Zeno,
614 2381 933 2478 Cyprius,
994 2322 1239 2450 celegris
1282 2385 1634 2468 Medicus,
1727 2383 1786 2453 ui
1853 2379 2192 2476 complures
2254 2379 2424 2452 Atu-

282 2484 461 2531 mnos
504 2483 563 2528 m
606 2461 917 2532 Medicina
982 2464 1239 2548 habuit,
1283 2467 1436 2534 inter
1501 2489 1652 2552 quos
1763 2466 2009 2536 ribasius
2050 2481 2422 2542 recensetur.

282 2543 507 2625 Juliani
554 2545 897 2627 Aposratae
940 2544 1262 2631 Medicus,
1300 2565 1360 2614 et
1402 2549 1784 2618 Medicorum
1825 2549 1936 2616 sub
1975 2567 2053 2614 eo
2094 2546 2421 2624 Princeps.

365 2625 731 2720 Zenodotics,
788 2627 1027 2710 insignis
1082 2627 1417 2700 statuarius
1456 2653 1494 2700 a
1539 2629 1783 2697 Nerone
1823 2629 2097 2696 Romam
2157 2627 2445 2706 accitus,.

277 2724 347 2776 ut
389 2729 519 2785 esus
560 2707 860 2802 colossum
902 2709 1260 2780 fabricaret.
1306 2711 1471 2784 Vide
1511 2712 1670 2778 Plan.
1713 2715 1795 2778 H.
1837 2717 1922 2777 N.
1963 2711 2010 2774 Ι.
2033 2727 2133 2792 34.
2175 2731 2226 2773 c.
2251 2729 2316 2789 7.

359 2787 761 2875 Zenophrlus,
804 2789 1210 2873 Philosophus
1254 2793 1503 2875 insignis
1544 2792 1655 2859 sub
1699 2789 2116 2865 Constantino
2143 2788 2248 2856 M.
2290 2806 2416 2852 rne-

270 2891 539 2939 moratus
582 2875 641 2938 in
682 2869 857 2939 Actis
895 2881 957 2942 5.
999 2870 1339 2955 sylvestri,
1380 2893 1535 2960 quae
1577 2872 1852 2958 quamvis
1896 2869 2050 2939 olim
2091 2889 2126 2934 a
2167 2867 2424 2942 Gelasio

278 2951 444 3034 Papa
486 2954 859 3034 adprobata,
918 2975 1073 3020 nunc
1115 2969 1397 3050 corrupta
1440 2953 1720 3036 leguntur
1745 2999 1768 3034 ,
1807 2969 1868 3020 et
1910 2973 1945 3018 a
1987 2949 2253 3044 Criticis·
2299 2969 2422 3014 non

270 3032 643 3177 probantur.
688 3033 762 3099 In
802 3035 975 3098 dictis
991 3031 1169 3099 Actis
1205 3034 1463 3116 dicitur,
1509 3053 1796 3102 unacum
1835 3035 2110 3101 Cratone
2127 3032 2420 3104 arbitrum

298 3115 448 3178 uisse
486 3116 548 3179 in
589 3114 989 3196 disputatione
1031 3113 1235 3182 habita
1292 3137 1499 3183 coram
1547 3116 1968 3200 Constantino
1993 3158 2017 3196 ,
2073 3130 2134 3182 et
2180 3109 2420 3180 Helena

273 3194 437 3262 inter
478 3194 540 3261 S.
582 3194 979 3288 silvestrum,
1020 3214 1079 3263 et
1120 3195 1485 3278 Judaeotum
1531 3197 1869 3266 Doctores.

361 3273 735 3360 Zephyrmus
777 3277 979 3357 Papa,
1043 3295 1104 3344 et
1145 3278 1466 3362 Martyr,.
1508 3280 1706 3362 patria
1749 3279 2072 3348 Romanus
2102 3324 2125 3359 ,
2162 3273 2273 3344 sub
2308 3269 2416 3343 Se-

222 3387 229 3394 ·
275 3377 423 3424 vero
462 3359 745 3439 electus,¹
788 3374 847 3422 et
892 3377 1093 3440 passus
1130 3359 1243 3427 sub
1281 3359 1600 3430 Antonino
1639 3359 1870 3444 Imper.
1913 3359 2108 3430 multa
2164 3357 2420 3425 sancivit

268 3439 346 3504 nd
392 3439 793 3532 Disciplinam
842 3438 1323 3531 Ecclesiasticam
1368 3443 1736 3526 spectantia.
1797 3441 1966 3510 Inter
2005 3439 2168 3520 alia,
2213 3455 2282 3507 ut
2321 3459 2418 3506 sa-

265 3522 382 3588 cris
428 3520 716 3587 initiandi·
741 3521 1090 3602 ordinibus,
1151 3542 1497 3608 opportuno
1536 3542 1840 3606 tempore,
1881 3544 1952 3589 ac
1991 3520 2202 3590 multis
2246 3539 2420 3602 prae-

266 3604 535 3671 sentibus
576 3598 836 3670 clericis
860 3620 984 3696 ,Oet
1024 3602 1239 3684 laicis,
1276 3625 1349 3676 ac
1387 3625 1511 3672 non
1553 3605 1666 3672 nisi
1711 3603 1872 3672 docti
1903 3651 1926 3686 ,
1965 3621 2147 3688 atque
2183 3617 2420 3686 specta-

264 3701 404 3751 ctae
446 3684 688 3751 virtutis
737 3681 1006 3750 hommes
1048 3686 1123 3752 ad
1167 3705 1364 3754 sacros
1402 3686 1635 3754 ordines
1675 3703 2191 3771 promoveanturs
2251 3681 2416 3776 qttod

270 3785 475 3852 postea
520 3767 585 3836 in
628 3763 813 3836 variis
853 3763 1159 3839 Consiliis
1196 3768 1489 3840 sancitum
1533 3763 1684 3839 fuit.
1742 3765 1906 3840 Item
1936 3814 1961 3854 ,
2021 3789 2100 3838 nc
2120 3766 2416 3920 csstetm·

2299 3885 2328 3928 8
