2985 4387
1304 276 1373 345 V
1418 278 1483 345 Ο
2279 298 2393 365 253

341 380 615 450 convicio
660 382 721 449 in
760 380 943 449 nostri
990 380 1121 447 aevi
1168 374 1347 447 falsos
1390 378 1823 464 Philosophost
1869 400 2008 450 cum
2048 402 2118 447 ea
2156 382 2479 453 Musonius

338 464 414 530 de
455 464 615 531 falsis
656 462 743 535 sni
792 465 1077 545 temporis
1124 463 1506 543 philosophis
1546 464 1797 531 dixerit.
1845 462 2022 531 Nolo
2063 465 2222 531 enim
2267 465 2482 535 Philo-

333 544 555 625 sophos
599 546 781 612 nostri
828 545 1008 611 seculi
1051 545 1235 610 iratos
1276 544 1492 610 habere
1518 590 1538 623 ,
1604 562 1664 609 et
1706 566 1739 607 a
1779 566 1882 611 me
1943 566 2044 611 eos
2105 547 2337 625 exigere
2377 569 2478 612 ur-

338 626 713 709 banitatem,
754 646 832 716 et·
862 624 1261 717 charitatem.
1326 626 1387 691 Si
1430 624 1584 710 quid
1623 626 1818 691 acrius
1861 644 2070 693 contra
2118 627 2260 693 illos
2299 649 2334 691 a
2375 650 2478 693 me

332 708 399 771 in
442 710 690 774 decursu
731 708 905 784 hujus
947 703 1147 771 Iaexrce'
1203 706 1491 789 scriptum
1565 707 1942 802 invenerint,
1997 710 2174 793 aequi
2220 708 2481 793 bonique

326 788 684 867 consulant,
724 809 837 853 oro
864 834 885 868 ,
948 807 1008 854 et
1052 784 1435 869 intelligant,
1478 787 1842 855 charitatem
1885 809 1946 854 tn
1986 810 2088 858 eos
2129 790 2353 856 arsisse·
2384 808 2484 855 me
2582 800 2588 807 '

326 869 404 934 ad
446 891 547 935 eos
584 886 1063 952 opportune,.et
1112 871 1452 951 importune
1497 870 1824 950 arguendos
1851 870 2173 947 secuudum
2204 870 2271 936 S.
2297 870 2483 939 Paul·

332 949 381 1016 li
428 952 725 1018 monitum
754 993 777 1030 ,
836 948 1083 1017 si.forte
1126 951 1442 1033 impetrem
1468 994 1490 1029 ,
1559 948 1802 1033 ex‚illis
1845 972 2046 1023 unum,
2092 952 2356 1036 aliquem
2399 952 2478 1023 ad

326 1052 533 1123 sanam
578 1046 879 1110 mentem,
940 1050 1017 1097 et.
1042 1032 1119 1098 ad
1164 1035 1477 1103 veritatem
1523 1053 1798 1103 revocare
1828 1055 1851 1098 c
1927 1030 2112 1103 nihil.
2149 1038 2318 1099 enim
2359 1029 2481 1123 ¹³0!-

327 1130 448 1176 tius
496 1114 724 1182 Anima
766 1114 1051 1182 desiderat
1079 1156 1103 1191 ,
1143 1132 1209 1181 ut
1248 1113 1339 1179 ait
1370 1114 1441 1188 ,8.
1486 1114 1868 1195 Augustinus
1917 1124 2217 1193 Tuccam
2259 1134 2365 1195 24.
2408 1134 2480 1177 m

310 1200 603 1275 Joannem
628 1243 650 1276 ,
710 1215 907 1279 quam·
936 1194 1247 1260 veritatem
1285 1241 1308 1264 .
1363 1194 1455 1261 Et
1502 1194 1778 1273 licetssilli
1819 1192 2084 1290 ffnssem'a
2128 1192 2340 1277 me'a.
2369 1212 2484 1274 ap-

320 1273 535 1355 pellari
584 1273 811 1354 velint,
872 1274 1061 1341 intelli
1106 1294 1204 1341 ent
1250 1275 1487 1341 tandem
1531 1272 1842 1355 fortiorem
1910 1275 2154 1344 illorum
2206 1275 2474 1361 Ingeniis

318 1374 443 1421 esse
486 1358 837 1423 veritatem.
902 1357 1051 1436 Quo
1130 1357 1179 1422 si
1226 1355 1315 1422 illi
1360 1358 1503 1422 dure
1541 1361 1826 1435 tractatos
1870 1380 1908 1424 a
1953 1371 2056 1423 me
2097 1356 2475 1425 arbitrentur

318 1434 751 1525 increpitosque
794 1438 1097 1519 acerbius,
1157 1456 1217 1503 et
1261 1438 1483 1504 idcirco
1542 1458 1746 1503 eorum
1792 1440 2109 1533 dicteriis,
2174 1459 2476 1505 scomma-

313 1516 517 1599 tibuS,
582 1540 643 1584 et
689 1518 913 1601 facetiis
959 1534 1241 1599 pateam,
1304 1536 1369 1584 ut
1409 1516 1587 1590 multi
1627 1520 1777 1599 alii,
1821 1521 1922 1604 qui
1974 1521 2292 1598 benignius
2331 1540 2472 1586 cum

315 1600 401 1679 eis
462 1621 523 1665 se
582 1617 937 1679 gesserunt,
972 1600 1227 1678 sciant,
1286 1599 1518 1689 φωρᾷ
1579 1622 1682 1665 eos
1741 1602 2035 1667 sanandos
2077 1601 2468 1669 Medicorum

313 1680 583 1762 exempla
665 1700 931 1747 secutum
988 1680 1453 1765 prudentiorum
1494 1727 1514 1759 ,
1579 1682 1682 1763 qui
1725 1704 1860 1747 cum
1927 1681 2138 1759 blanda
2205 1684 2467 1747 remedia

314 1781 435 1828 non
479 1781 771 1844 prosunt,
816 1762 1257 1845 praescribunt,
1302 1778 1369 1837 et,
1402 1760 1696 1829 adhibent
1736 1761 2044 1845 asperiora
2076 1806 2098 1841 ,
2141 1780 2204 1827 et
2245 1760 2460 1827 fortio-

311 1862 376 1907 ra
410 1888 430 1907 .
506 1843 747 1921 Multi,
792 1845 893 1929 qui
937 1843 1148 1909 contra
1188 1864 1292 1909 eos
1334 1843 1730 1922 scripserunt,
1770 1844 2052 1923 mitiori,
2095 1861 2153 1907 et
2199 1843 2466 1909 suaviori

310 1922 474 2002 stylo
514 1926 597 1990 usi
640 1944 775 1991 sunt
809 1973 830 2004 ,
872 1926 1361 2071 fossffonendo,
1389 1942 1469 1993 .ut
1513 1926 1590 1989 ad
1631 1946 1692 1991 se
1731 1926 2018 2014 redeant,
2061 1945 2288 1990 errores
2329 1942 2471 1991 suos

308 2025 627 2085 agnoscant
651 2053 671 2085 ,
713 2024 771 2071 et
813 2005 869 2070 fa
898 2018 1003 2087 sa',
1046 2026 1117 2071 et.
1144 2007 1967 2089 ,impiavsdogmataeiurent.
2006 2006 2116 2073 Sed
2158 2026 2295 2070 aera
2327 2026 2456 2069 ver-

310 2084 589 2151 berarunt
613 2134 632 2163 ,
676 2106 737 2150 et
779 2087 1183 2167 surdiswerba
1231 2089 1511 2153 dederunt
1538 2133 1558 2154 .
1621 2087 1789 2153 Cum
1831 2108 2068 2155 caecum
2092 2130 2113 2165 ,
2155 2105 2216 2151 et
2257 2089 2464 2153 surda-

306 2181 499 2231 strum
545 2168 805 2234 videmus
827 2201 865 2248 ,·
890 2170 993 2253 qui
1046 2169 1123 2234 ad
1150 2186 1467 2249 puteum,
1510 2168 1602 2236 vel
1649 2187 1948 2250 patentem
1988 2168 2266 2252 abyssum
2321 2190 2464 2252 pro-,v

302 2263 478 2329 perat
518 2295 539 2326 ,
601 2267 664 2314 et
726 2249 1910 2336 sese,imprudentempraecipitaturum
1951 2250 2463 2334 pertimescimus,

298 2327 535 2410 magnis
576 2329 987 2411 clamoribus,
1032 2351 1119 2405 :ut
1172 2329 1305 2402 alib
1330 2353 1580 2409 -gressus
1638 2333 1900 2414 dirigat,
1969 2333 2062 2400 vel
2129 2350 2194 2402 ut
2255 2333 2454 2398 cousi-

299 2427 465 2490 stat,
507 2431 643 2477 eum
686 2415 1073 2482 admonemus
1099 2456 1120 2491 ,
1159 2433 1259 2480 ,ne
1296 2432 1571 2495 pereat:
1618 2412 1892 2495 lethargo
1935 2413 2144 2480 itidem
2192 2412 2284 2481 vel
2325 2413 2458 2480 alto

303 2513 516 2570 sopore
556 2515 857 2575 correptos
882 2523 914 2573 ,0
949 2495 1305 2560 imminente
1346 2494 1618 2576 periculo
1645 2497 1844 2576 vitae,
1895 2515 2018 2562 non
2063 2495 2296 2565 blandis
2341 2516 2460 2560 ser-

299 2573 576 2668 monibus
601 2623 622 2656 ,
664 2598 783 2642 non
826 2575 1154 2642 rationibus
1178 2623 1199 2658 ,
1238 2577 1336 2648 sed
1362 2575 1516 2650 elata
1541 2597 1722 2656 voce,
1765 2579 1864 2642 sed
1903 2577 2275 2648 vellicatibus
2298 2621 2318 2656 ,
2359 2578 2460 2642 sed

298 2657 765 2742 punctionibus,
802 2675 864 2724 et
905 2656 1193 2730 cauteriis
1237 2661 1425 2732 etiam
1450 2702 1471 2735 ,
1529 2656 1762 2725 Medici
1805 2661 2164 2739 excitandos·
2189 2677 2288 2722 eos
2331 2677 2458 2722 sae·

296 2755 376 2816 pe
457 2739 860 2808 raescribunt.
925 2729 1622 2819 theneticosautern,
1681 2756 1742 2802 et
1788 2737 2030 2820 minis,·
2078 2757 2140 2804 et
2201 2735 2456 2818 ictibus,

296 2834 359 2882 et
446 2820 603 2900 agris
642 2821 943 2887 caedimus
973 2869 993 2902 ,
1057 2839 1117 2887 et
1168 2819 1419 2886 vinculis
1455 2816 1956 2898 constringimus,
1999 2836 2064 2882 ut
2107 2817 2454 2903 quiescant,

294 2918 371 2988 ne
410 2919 477 2965 ex
509 2900 639 2965 alto
674 2923 736 2966 se
758 2900 1041 2979 dejiciant
1066 2949 1085 2967 .
1132 2901 1383 2967 Notum
1412 2919 1614 2964 autem
1637 2917 1769 2980 est,
1813 2896 2317 2968 Antichristianos
2341 2895 2455 2962 hu·-

294 2999 389 3054 Jus
408 2979 587 3046 seculi
613 2980 1016 3064 Philosophos
1050 2978 1203 3051 alios
1227 2982 1554 3061 caecitate,
1597 2977 1745 3048 alios
1781 2978 2088 3060 lethargo,
2117 2977 2451 3057 phrenitide

292 3057 443 3124 alios
488 3059 762 3128 laborare
786 3110 807 3143 ,
850 3083 909 3127 et
954 3063 1013 3126 in
1056 3063 1341 3128 extremo‘
1377 3059 1644 3144 periculo
1662 3079 1940 3128 aeternae
1964 3060 2168 3128 salutis
2192 3059 2450 3126 versari.

292 3140 405 3206 An
452 3161 569 3207 non
618 3143 801 3224 igitur
843 3145 1197 3222 prudenter,
1255 3164 1333 3209 au
1375 3165 1492 3210 non
1537 3141 1768 3234 agnice,
1826 3163 1902 3208 an
1963 3161 2078 3208 non
2122 3139 2448 3209 christiana

294 3217 586 3286 charitate
624 3245 757 3291 cum
805 3223 927 3291 illis
970 3225 1139 3306 agit,
1188 3225 1301 3310 qui
1362 3222 1593 3291 acribus
1635 3224 1908 3308 remediis
1936 3219 2218 3294 adhibitis
2249 3266 2270 3299 ,
2309 3239 2448 3302 post

298 3317 523 3372 tentata
570 3303 865 3378 incassum
927 3307 1169 3372 mitiora
1217 3306 1664 3384 medicamina,
1703 3306 2064 3385 sanitatem,
2107 3322 2169 3370 et
2206 3300 2448 3372 firmam

295 3382 695 3451 valetudinem
758 3387 841 3452 eis
903 3389 1146 3468 reddere
1188 3386 1483 3471 satagit„
1511 3408 1582 3456 ac
1640 3386 1962 3472 pristinum
2005 3384 2187 3456 robur
2227 3384 2292 3454 in
2335 3384 2450 3454 fide

291 3461 627 3531 Chrisiana
674 3467 1014 3556 bonamque
1060 3486 1324 3536 mentem
1372 3467 1494 3537 illis
1533 3469 1854 3552 procurat?
1920 3488 1995 3533 an
2039 3487 2160 3532 non
2202 3484 2445 3550 aequo,

286 3563 349 3609 et
406 3565 583 3628 grato
639 3549 845 3617 animo
906 3571 1031 3618 esse
1088 3551 1319 3618 debent
1377 3551 1646 3617 adversus
1706 3547 1889 3627 illos,
1931 3545 2034 3633 qui
2079 3547 2440 3616 clamoribus

289 3645 390 3692 eos
432 3629 794 3710 admonent,
838 3633 945 3718 qui
988 3653 1095 3699 eos
1140 3631 1401 3700 stimulis
1442 3631 1743 3714 exagitant
1769 3678 1792 3713 ,
1847 3631 1950 3714 qui
1992 3629 2270 3695 cauteriis
2311 3649 2441 3692 ver-

293 3705 507 3776 borum
546 3712 812 3780 cruciant
836 3757 859 3790 ,
903 3731 974 3780 ut
1012 3714 1099 3781 eis
1140 3713 1434 3782 medelam
1475 3715 1874 3790 afferant4et‘
1914 3710 2042 3777 sani
2079 3707 2269 3774 fiant?
2327 3707 2451 3775 Τιι

289 3785 479 3884 lector
497 3891 503 3896 ἱ
516 3789 712 3878 judica
733 3841 757 3866 .
818 3795 972 3866 Nou
1016 3796 1257 3880 ignoras
1274 3841 1299 3879 ,
1342 3795 1664 3866 Cretenses
1682 3835 1707 3876 ,
1763 3793 2055 3880 quoniam
2090 3789 2396 3936 mengffes
2411 3831 2436 3890 .³
