2985 4387
713 473 2031 560 o--oowwozfflomo‘

832 643 1749 741 DISSERTATIO
1826 645 1897 738 Ι.

597 847 2120 930 H1ST0R1co.PoL1thA

441 1037 652 1098 Utrum
693 1035 906 1094 Status
941 1022 1238 1094 Politia-us
1255 1073 1277 1106 ,
1318 1046 1360 1090 a
1401 1025 1653 1092 Romulo
1691 1021 2008 1093 institutus
2050 1023 2116 1092 t'n
2157 1021 2308 1095 Urbe
2440 1019 2459 1038 ”

698 1107 940 1177 condita
960 1152 983 1189 ,
1032 1105 1229 1192 suerit
1268 1105 1724 1185 Monarcht'cus,
1791 1132 1873 1174 an
1913 1131 2047 1176 vero

863 1186 1306 1263 Democraticus
1321 1235 1344 1272 ,
1383 1207 1486 1256 seu
1525 1186 1883 1274 Populaen‘s?

1204 1353 1567 1406 W
1696 1389 1707 1396 .

322 1633 381 1715 §.
411 1656 462 1702 ι.
494 1531 864 1706 Ommo
921 1645 1015 1696 est
1075 1629 1488 1712 receptissima
1521 1627 1677 1699 inter
1714 1631 2041 1704 Litteratos
2077 1677 2101 1715 ,
2163 1655 2191 1700 s
2303 1631 2465 1700 iosis·

313 1735 438 1782 non
481 1716 759 1782 destituta
803 1711 1132 1779 rationibus
1154 1754 1190 1806 ο,
1249 1712 1583 1796 Imperium
1629 1712 1872 1783 Romae
1907 1739 1944 1783 a
1988 1717 2197 1784 Romu
2223 1738 2264 1783 o
2322 1712 2457 1782 fun-

314 1800 564 1877 datum,
605 1815 665 1862 et
707 1796 932 1878 legibus
970 1791 1344 1874 stabilitum,
1388 1793 1563 1860 initio
1603 1792 2073 1865 Monarchicum
2114 1795 2332 1876 fuisse,
2374 1796 2463 1860 ab

317 1881 487 1946 unius
527 1879 783 1945 arbitrio
823 1875 1118 1959 pendens,
1159 1895 1258 1942 seu
1281 1875 1454 1942 unius
1494 1874 1797 1943 subditum
1841 1880 2167 1957 potestati.
2214 1879 2471 1960 Quotus

309 1961 472 2028 enim
516 1960 769 2045 quisque
807 1973 896 2024 est
943 1958 1001 2023 in
1048 1956 1332 2025 Romana
1376 1957 1651 2023 Historia
1683 1959 1957 2026 nonnihil
2002 1975 2317 2039 versatus,
2359 1956 2471 2042 qui

312 2043 538 2106 nesciat
563 2089 584 2122 ,
700 2061 917 2118 rzoo,
958 2055 1022 2104 et
1061 2057 1136 2103 eo
1176 2036 1430 2119 amplius
1474 2059 1661 2106 annos
1702 2061 1735 2104 a
1783 2039 1990 2112 Roma
2034 2041 2305 2108 Condita
2336 2038 2471 2106 Ro·

309 2142 554 2188 manum
637 2122 972 2203 mperium‚
1015 2139 1116 2186 seu
1161 2119 1439 2201 Romae,
1481 2138 1541 2186 et
1584 2119 1906 2190 Romanae
1964 2121 2213 2190 ditionis
2278 2118 2473 2203 Regi-

313 2225 448 2268 men
473 2245 495 2282 ,
532 2204 642 2271 sub
687 2203 953 2285 Regibus
994 2199 1228 2283 fuisseil
1261 2198 1336 2269 Id
1379 2220 1631 2273 testatur
1670 2204 2155 2273 Titus-Livius:
2208 2204 2265 2271 id
2308 2204 2482 2268 Dio·

314 2283 518 2367 nysius
563 2282 1104 2351 Halicarnassensis
1153 2305 1171 2346 t
1235 2282 1294 2347 id
1339 2282 1551 2349 Plutus
1590 2308 1616 2349 .·
1680 2285 1739 2350 id
1780 2282 1973 2355 Corn.
2016 2288 2282 2356 Tacitus
2324 2306 2351 2349 .·
2418 2278 2486 2351 id
2522 2348 2528 2357 .

318 2382 548 2430 veteres
589 2364 747 2444 alii,
785 2364 891 2461 qui
957 2360 1052 2431 vel
1093 2360 1438 2443 Historias,
1483 2364 1579 2433 vel
1621 2367 1889 2433 Annales
1926 2370 2242 2451 scripsere.
2289 2365 2487 2432 Iidem

323 2463 574 2511 narrant
599 2494 620 2524 ,
663 2443 864 2525 ejectis
892 2443 1162 2526 Regibus
1195 2442 1286 2511 ob
1323 2445 1559 2513 crudele
1584 2448 1850 2533 tegimen
1896 2450 2232 2537 Tarquinii
2265 2448 2488 2530 Super-

329 2528 430 2607 bi,
477 2543 539 2593 et
576 2546 786 2594 notum
829 2524 943 2592 filii
975 2524 1163 2593 scelus
1205 2527 1264 2591 in
1309 2526 1695 2610 Lucretiam,
1737 2529 2099 2611 Tricipitini
2144 2528 2331 2598 filiam
2361 2574 2384 2610 ,
2422 2539 2489 2593 et

337 2606 641 2677 Collatini
705 2630 995 2692 uxorem,
1053 2608 1437 2678 constitutam
1485 2609 1949 2691 Rempublicam
1993 2614 2339 2680 Romanam
2378 2606 2495 2675 sub

335 2692 553 2767 Statu,
594 2711 663 2756 ac
682 2688 1002 2771 Regimine
1031 2682 1316 2775 Populati
1341 2734 1364 2769 ,
1401 2710 1505 2759 seu
1533 2691 1995 2772 Democratico,
2034 2692 2247 2760 creatis
2286 2690 2361 2757 ad
2382 2710 2492 2756 an-

333 2790 482 2839 num
521 2768 1073 2869 Consulibus,·qui
1119 2794 1246 2838 rem
1291 2771 1639 2838 Romanam
1680 2775 2157 2841 administrarent
2182 2820 2204 2841 .

413 2851 474 2933 §.
516 2874 576 2920 2.
633 2852 822 2921 Tunc
878 2854 1104 2921 scilicet
1171 2854 1524 2919 immutatus
1596 2855 1875 2935 apparuit
1934 2854 2230 2924 Politicus
2270 2852 2486 2919 status

323 2932 750 3001 Romanorum
774 2981 794 3014 ,
836 2936 942 3019 qui
985 2935 1060 3001 ad
1105 2954 1174 2999 ea
1217 2952 1400 3019 usque
1437 2952 1711 3013 tempora
1762 2934 2193 3001 Monarchicus
2242 2931 2489 2998 videba-

327 3033 464 3081 tur.
506 3015 644 3093 Jam
687 3034 834 3080 vero
879 3013 1193 3095 Popularis
1231 3014 1380 3079 haec
1421 3012 1672 3096 Imperii
1716 3016 2147 3095 constitutio,
2214 3036 2333 3098 qua
2376 3034 2493 3096 po·

329 3094 477 3177 pulo
517 3094 760 3163 libertas
797 3096 1203 3174 asserebatur,
1242 3094 1484 3161 duravit
1530 3116 1713 3178 usque
1748 3099 1825 3164 ad
1867 3098 2064 3166 Corn.
2084 3095 2289 3179 Syllae
2328 3112 2487 3161 tem-

336 3196 530 3257 pora,
569 3174 673 3261 qui
714 3175 856 3242 odio
899 3176 958 3241 in
1003 3176 1244 3244 Plebem
1263 3196 1579 3257 accensus,
1624 3176 1733 3258 vi,
1776 3198 1837 3247 et
1860 3181 2042 3245 armis
2072 3179 2271 3247 omnia
2314 3177 2391 3243 ad
2430 3196 2498 3241 se

335 3255 522 3323 traxit
547 3302 570 3339 ,
608 3274 876 3325 assumto
897 3258 1228 3325 Dictatoris
1249 3254 1428 3323 titulo
1451 3300 1474 3333 ,
1513 3276 1575 3323 et
1616 3260 1908 3343 nomine,
1948 3278 2074 3344 quo
2129 3256 2499 3326 indicabatur

337 3358 610 3419 summa,
647 3359 722 3404 ac
765 3338 948 3405 veluti
993 3338 1202 3421 regalis
1242 3338 1499 3419 dignitas
1535 3386 1558 3419 ,
1627 3343 1738 3408 sub
1776 3364 1894 3429 qua
1956 3341 2211 3409 silebant
2277 3358 2488 3407 omnes

339 3418 782 3499 Magistratus,
818 3442 890 3486 ac
931 3420 994 3489 in
1043 3420 1234 3489 Plebis
1276 3422 1486 3488 odium
1528 3421 1945 3490 Tribunatum
1992 3422 2199 3491 Plebis
2244 3421 2501 3503 abroga-

337 3500 470 3565 vit.
513 3498 775 3567 Mortuo
812 3500 983 3582 Sylla
1011 3551 1033 3584 ‚
1072 3524 1173 3571 seu
1216 3504 1418 3583 potius
1455 3523 1595 3570 cum
1654 3524 1717 3571 se
1758 3505 2080 3573 Dictatura
2134 3519 2347 3587 sponte
2386 3522 2495 3569 sua

345 3580 689 3664 abdicavit3
729 3584 904 3649 rediit
945 3582 1250 3668 popularis
1269 3583 1746 3665 administratio,
1791 3587 2171 3653 restituta‘in
2204 3586 2497 3666 integrum

344 3658 700 3731 Tribunitia
739 3681 1036 3749 potestate
1069 3714 1092 3747 ,
1146 3684 1210 3732 et
1247 3687 1384 3734 cum
1441 3684 1513 3733 ea
1574 3685 1783 3749 optata
1846 3670 2089 3751 pristina
2152 3656 2427 3735 libertate
2468 3710 2498 3744 ,.

345 3764 500 3827 quae
539 3744 745 3827 paullo
785 3766 919 3828 post
958 3768 994 3813 a
1039 3748 1125 3816 C.
1169 3746 1228 3828 J.
1266 3746 1531 3815 Caesare
1555 3748 1877 3817 Dictatore
1918 3768 2205 3833 perpetuo
2249 3766 2503 3831 oppres-

342 3846 408 3893 sa
429 3868 452 3909 ‚
497 3825 591 3896 vel
629 3826 869 3915 penitus
905 3829 1170 3901 extincta
1208 3825 1376 3919 fuit,
1415 3828 1563 3918 quin
1601 3828 1869 3918 deinceps
1904 3852 1945 3903 a
1984 3830 2290 3902 Romanis
2333 3846 2502 3893 recn-

2264 3928 2436 3994 pera·
