2985 4387
269 417 568 492 ,ciliorum
607 421 838 494 familia
875 421 1099 506 fuerit,
1139 444 1211 492 ex
1250 446 1370 510 qua
1418 443 1490 504 ¹7
1532 441 1822 514 annornm
1884 423 2081 508 spatio
2114 472 2144 508 ,
2194 423 2429 512 partim

273 507 632 576 Consulatu
674 555 698 589 ,
761 505 986 589 partim
1052 507 1358 574 Censorio
1425 505 1651 599 gradu,
1717 505 1939 588 partim
2000 507 2309 591 triumpho
2360 531 2431 576 η

274 585 520 656 fuerunt
562 589 822 657 decorati
853 599 888 654 .’
917 587 1017 654 De
1052 588 1186 680 aliis
1229 589 1369 654 viris
1405 588 1596 654 doctis
1638 585 1939 653 Romanis
2000 589 2261 669 ejusdem
2320 613 2429 658 no-

273 669 468 740 minis
490 717 512 752 ,
553 673 691 738 vide
729 670 788 738 in
825 679 1196 751 Spectmtnae.

367 749 680 821 caecilius
708 798 731 831 ,
773 749 1064 834 Praetor,
1105 753 1210 840 qui
1257 747 1510 832 reditum
1554 747 1863 826 Ciceronis
1924 747 2002 816 ab
2063 749 2252 822 exilio
2314 773 2465 832 uun„

275 851 422 898 curn
463 831 604 900 aliis
643 832 852 901 multis
891 833 1096 899 amicis
1137 831 1446 901 Ciceronis
1473 875 1497 911 ,
1537 831 1779 898 Rornae
1819 835 2203 912 procuravit.

357 909 623 982 Caecina
667 962 687 995 ,
749 915 876 980 sive
937 911 1158 981 cecina
1179 957 1200 990 ,
1273 912 1535 995 Legatus
1578 911 1767 980 Rom'.
1812 912 2099 980 exercitus
2165 915 2227 982 in
2270 917 2435 993 Ger-

267 995 478 1062 mania
538 1037 564 1073 ,
645 994 870 1064 milites
927 1014 1332 1063 consternatos
1390 994 1462 1089 ‘in
1520 995 1724 1061 castris
1783 1038 1804 1075 ,
1892 1011 1953 1059 et
2016 991 2217 1077 fugam
2302 1017 2435 1064 me-

267 1075 532 1141 ditantes
589 1077 881 1146 continuit
923 1121 946 1156 ,
1033 1095 1161 1144 turn
1231 1083 1512 1142 cranone
1574 1096 1679 1144 sua
1724 1117 1749 1154 ,
1832 1090 1962 1142 tum
2024 1098 2151 1143 sese
2214 1077 2272 1142 in
2334 1099 2437 1144 ca·

267 1172 538 1223 stromrn
579 1177 820 1241 porram
861 1157 1142 1236 abjiciens
1181 1205 1202 1240 ,
1242 1177 1308 1225 ut
1349 1155 1619 1236 milites,
1658 1177 1781 1223 non
1824 1155 1937 1223 nisi
1978 1177 2086 1238 per
2126 1179 2265 1226 eum
2290 1179 2441 1238 cong

265 1235 573 1304 culcatum
605 1286 624 1320 ‚
665 1238 872 1318 fugere
913 1257 1195 1322 possent:
1242 1240 1404 1326 quod
1444 1259 1565 1306 non
1604 1257 1851 1306 ausuros
1908 1255 1997 1304 est
2057 1239 2431 1330 arbitratus.

267 1318 377 1386 Ita
423 1319 682 1390 Tacitus
723 1331 880 1388 Ann.
921 1323 1030 1390 Ι.ι.
1075 1321 1107 1388 Ι
1151 1343 1300 1388 noro
1326 1369 1347 1403 ‚
1391 1342 1468 1386 an
1509 1341 1581 1388 ex
1624 1321 1835 1387 eadem
1877 1317 2053 1386 fuerit
2090 1322 2321 1404 stirpe,
2348 1341 2424 1387 ex

263 1419 394 1496 qua
433 1398 736 1481 Caecina,
775 1403 1034 1482 partium
1131 1401 1511 1495 itelliidux,
1550 1419 1751 1498 postea
1796 1400 2111 1495 proditor,
2152 1403 2234 1471 ob
2266 1401 2429 1488 quod

257 1487 466 1546 'etra‘m
510 1480 852 1565 Flavianis,
897 1483 1143 1552 Vitellii
1186 1483 1503 1561 hostibus,
1548 1485 1769 1550 invisus
1811 1481 1931 1549 furt
1974 1483 2031 1577 iq
2075 1485 2270 1553 Civili
2300 1481 2431 1552 bel-

265 1560 342 1630 lo
389 1561 582 1630 Flavii
626 1563 984 1644 Vespasiani
1029 1587 1164 1632 cum
1209 1562 1475 1631 Vitellio
1502 1610 1523 1630 .
1566 1562 1733 1646 Vide
1774 1562 1936 1635 Tac.
1979 1564 2092 1632 hb.
2138 1580 2193 1632 ·’·.
2257 1565 2422 1635 His-t.

259 1641 373 1710 De
408 1641 626 1712 cecina
641 1691 666 1728 ,
705 1643 1020 1716 Ciceronis
1065 1645 1260 1714 amico
1278 1689 1303 1726 ,
1343 1643 1478 1712 vide
1524 1644 1585 1711 in
1624 1639 1948 1728 specimine
1968 1690 1989 1726 ,
2031 1609 2213 1715 versso
2250 1644 2426 1714 Ceci-

259 1745 384 1795 na.

348 1803 709 1892 Caedicius,
749 1807 938 1890 Iudex
959 1809 1273 1878 Romanus
1314 1806 1755 1887 severissimus,
1799 1809 1873 1875 de
1958 1827 2038 1876 uo
2059 1807 2272 1890 Juven.
2293 1816 2429 1878 Set.

267 1903 374 1984 ¹3:
419 1889 689 1958 Forsitan
731 1889 829 1958 hic
871 1889 986 1957 suit
1025 1888 1340 1959 caeditius
1379 1891 1587 1958 missus
1630 1891 1704 1955 ad
1726 1829 2064 1959 Camillum
2112 1889 2423 1974 exsulem,

259 1989 374 2055 qui
420 1971 702 2040 Dictator
744 1991 971 2039 creatus
1013 1969 1167 2052 fuit,
1207 1995 1343 2041 curn
1390 1995 1425 2038 a
1470 1973 1671 2041 Gallis
1714 1971 1922 2039 Roma
1962 1971 2194 2038 obsesa
2260 1989 2427 2038 erat.
2556 2037 2565 2047 ,

271 2065 282 2070 “
356 2052 606 2118 Caelius
649 2055 985 2122 Historicus
1019 2103 1040 2122 .
1108 2055 1358 2138 Citatur
1396 2075 1430 2120 a
1473 2054 1617 2122 Gel.
1660 2054 1707 2121 Ι.
1756 2075 1853 2123 ιο.
1898 2077 1948 2124 c.
1996 2073 2098 2137 24.
2178 2050 2303 2132 ejus
2345 2049 2429 2118 li·

263 2129 375 2199 ber
418 2154 474 2201 2.
517 2133 960 2229 Historiarum,
1002 2156 1158 2223 quae
1199 2137 1607 2204 desiderantur
1634 2177 1655 2199 .
2222 2214 2239 2228 .

357 2228 728 2301 Caeparius,
770 2218 1044 2298 Orator,
1086 2220 1158 2285 de
1198 2240 1275 2287 eo
1315 2220 1454 2285 Cic.
1501 2219 1556 2283 in
1599 2224 1773 2286 Orat.
1806 2236 1915 2303 pro
1986 2220 2310 2298 Cluentio,
2364 2216 2433 2285 in

263 2322 396 2453 gnra
439 2321 564 2447 fem
605 2299 918 2367 ridiculam
959 2316 1208 2384 narrat,
1250 2299 1324 2367 ad
1363 2296 1725 2384 Caeparium
1766 2316 2133 2385 spectantem
2178 2344 2201 2383 ,
2234 2320 2424 2388 ‘quae

263 2405 290 2451 1
349 2402 402 2447 ic
539 2400 556 2443 r
687 2396 842 2449 test.
1948 2406 1959 2417 ·

357 2400 713 2541 cdeeuiilliii',
753 2462 926 2529 docta
969 2460 1230 2530 foemina
1254 2508 1276 2543 ,
1317 2478 1379 2529 et
1423 2458 1539 2529 hoc
1583 2461 1827 2530 nomine
1846 2462 2127 2531 Ciceroni
2148 2509 2171 2543 ,
2211 2478 2272 2529 et
2304 2460 2430 2531 At-

265 2546 400 2615 tico
441 2563 723 2627 accepta.
806 2544 905 2611 De
945 2564 1015 2610 ea
1057 2566 1172 2610 non
1215 2540 1398 2611 semel
1442 2542 1715 2629 loquitur·
1753 2543 1893 2614 Cic.
1932 2568 2069 2611 cum
2111 2542 2285 2631 laude
2320 2544 2431 2612 do-

263 2626 500 2697 ctrinae
539 2626 604 2692 in
646 2620 868 2709 Epistt.
911 2628 988 2691 ad
1032 2626 1318 2694 Atticum
1344 2671 1366 2693 .
1412 2623 1488 2691 In
1538 2633 1590 2691 Ε
1632 2622 1737 2695 ist.
1782 2646 1880 2694 22.
1923 2624 2035 2693 lib.
2086 2644 2183 2711 13.
2228 2626 2430 2709 queri-

276 2728 384 2777 tur
423 2706 648 2775 Cicero
673 2753 694 2785 ,
737 2708 897 2791 quod
940 2703 1248 2773 Caerellia
1285 2708 1442 2789 apud
1484 2726 1552 2772 se
1636 2708 1833 2775 aberet
1876 2706 2109 2793 aliquot
2149 2708 2431 2789 Operum

268 2788 635 2869 Ciceronis,
681 2788 943 2855 nondum
991 2787 1413 2872 vulgatorum,
1452 2789 1821 2873 exemplaria
1862 2832 1885 2869 ,
1945 2810 2100 2875 quae
2141 2790 2215 2853 ad
2256 2785 2435 2853 Atti·

268 2894 416 2940 cum
453 2870 700 2937 miserat
723 2911 747 2947 ,
784 2887 852 2935 ut
891 2869 972 2937 ab
1009 2890 1082 2936 eo
1122 2870 1618 2951 emendarentur,
1658 2887 1955 2955 putatque
1993 2869 2074 2935 ab
2115 2866 2337 2939 Attico
2356 2864 2435 2931 ad

267 2952 680 3105 35¹3&ae
712 2952 1191 3116 ffnwi'ss‘ifi‘i
1230 2948 1985 3115 ‘iffoei'a‘ssdi‘pfflffiff’o‘s
2024 2942 2433 3095 lffidaisesefm'

351 3126 574 3184 Caesar
611 3112 904 3193 (0101.)
943 3116 1018 3181 de
1103 3136 1182 3179 uo
1223 3109 1519 3193 multa'jn·
1541 3108 1867 3197 specimine
1894 3160 1915 3194 ,
1958 3109 2133 3179 valde
2158 3109 2431 3179 laudatus
2562 3113 2571 3127 '

267 3194 402 3265 fuit
439 3219 474 3263 a
517 3196 658 3264 Cic.
696 3195 779 3263 ob
819 3214 990 3261 suam
1031 3220 1064 3263 c
1091 3193 1411 3260 ementiam
1435 3237 1455 3269 ,
1522 3216 1659 3261 curn
1701 3214 1903 3261 rerum
1964 3193 2305 3277 potiretur,
2364 3208 2431 3259 et

269 3274 581 3360 supplicio
620 3276 861 3343 afficere
897 3294 1138 3359 poterat
1185 3274 1627 3361 Pompeianos.
1671 3274 1832 3372 Vide
1850 3274 1987 3344 Cic.
2027 3280 2315 3357 omnm
2333 3280 2433 3343 M.

265 3356 606 3426 Marcello.
652 3356 1077 3426 Nihilominus
1117 3376 1327 3425 natura
1369 3356 1626 3424 crudelis
1664 3357 1883 3425 dicitur
1922 3378 1961 3424 a
2002 3354 2431 3435 Cicerone‚ad

261 3440 566 3509 Atticum
605 3440 944 3517 scribente,
984 3438 1483 3523 clementiamque
1522 3438 1869 3522 affectasse,
1946 3438 2086 3523 quia
2131 3436 2278 3505 haec
2318 3458 2430 3519 po-

259 3518 422 3668 Rulo
461 3539 634 3605 grata
675 3539 844 3589 erat.
883 3520 962 3588 In
1005 3520 1328 3613 Qratione,
1369 3540 1553 3605 quam
1624 3523 1690 3587 in
1754 3523 1977 3588 Senatu
2018 3518 2231 3589 habuit
2290 3534 2431 3601 post
2545 3554 2548 3557 -

313 3602 578 3673 evictum
622 3602 748 3671 Cn.
794 3602 1156 3687 Pompeium
1182 3649 1204 3686 ,
1245 3602 1537 3686 spondet,
1596 3622 1659 3669 se
1698 3623 1817 3672 non
1856 3602 2177 3697 abusurun)
2215 3615 2430 3683 poten-

263 3683 356 3751 tia
378 3732 402 3769 ,
444 3703 506 3754 et
543 3681 836 3753 felicitate
877 3707 982 3753 sua
1009 3728 1034 3766 ‚
1074 3684 1176 3752 scd
1215 3684 1488 3752 omnium
1515 3731 1538 3767 ,
1576 3684 1763 3751 etiam
1806 3682 1958 3751 olim
1998 3680 2431 3779 liostmtnosno-

259 3784 408 3834 turn
451 3766 516 3832 in
557 3766 754 3835 Civili
801 3764 1006 3850 bello,
1045 3765 1210 3835 bono
1249 3764 1697 3835 consulturum.
1767 3762 1869 3831 Ita
1928 3764 2058 3835 Dio
2112 3762 2363 3833 Cassius
2400 3800 2429 3839 ,

259 3846 382 3949 ⁸qui
425 3842 560 3941 ejus
597 3842 947 3943 orationem
987 3846 1166 3921 refert
1191 3894 1221 3921 0
1253 3846 1426 3937 Idem
1463 3844 1697 4001 populeo
1732 3843 1795 3917 in
1820 3844 2133 3919 Comicae
2168 3848 2431 3991 sffiffn·
